%% This BibTeX bibliography file was created using BibDesk.
%% http://bibdesk.sourceforge.net/

%% Created for Fred J Hickernell at 2018-12-03 14:31:26 -0600 


%% Saved with string encoding Unicode (UTF-8) 


@preamble{"\def\Ignore#1{}"}
@preamble{"\def\notesupp#1{}"}
@preamble{"\providecommand{\HickernellFJ}{Hickernell\xspace}"}


@string{acmtomacs = {ACM Trans.\ Model.\ Comput.\ Simul.}}

@string{acmtoms = {ACM Trans.\ Math.\ Software}}

@string{annstat = {Ann.\ Stat.}}

@string{art = {\Ignore{a}Refereed Journal Articles}}

@string{book = {\Ignore{b}Book}}

@string{chap = {\Ignore{c}Refereed and/or Invited Book Chapters and Conference Papers}}

@string{cma = {Comput.\ Math.\ Appl.}}

@string{ed = {\Ignore{d}Edited Volumes}}

@string{ijnam = {Int.\ J. Numer.\ Anal.\ Model.}}

@string{jasa = {J. Amer.\ Statist.\ Assoc.}}

@string{jcam = {J. Comput.\ Appl.\ Math.}}

@string{jcgs = {J. Comput.\ Graph.\ Statist.}}

@string{jcomp = {J. Complexity}}

@string{jcp = {J. Comput.\ Phys.}}

@string{jrssb = {J. Roy.\ Statist.\ Soc.\ B}}

@string{jspi = {J. Statist.\ Plann.\ Inference}}

@string{mc = {Math.\ Comp.}}

@string{mcm = {Math.\ Comput.\ Modelling}}

@string{mm = {Monatsh.\ Math.}}

@string{nummath = {Numer.\ Math.}}

@string{oth = {\Ignore{o}Other Publications}}

@string{pnas = {Proc.\ Natl.\ Acad.\ Sci.}}

@string{prep = {\Ignore{z}Manuscripts in Preparation}}

@string{sinum = {SIAM J. Numer.\ Anal.}}

@string{sirev = {SIAM Rev.}}

@string{sisc = {SIAM J. Sci.\ Comput.}}

@string{soft = {\Ignore{f}Computer Software}}

@string{ss = {Statist.\ Sinica}}

@string{stam = {Stud.\ Appl.\ Math}}

@string{statprob = {Statist.\ Probab.\ Lett.}}

@string{sub = {\Ignore{u}Manuscripts Under Review}}


@article{HicJag18b,
	Author = {F. J. \HickernellFJ and R. Jagadeeswaran},
	Date-Added = {2018-11-17 14:32:47 -0600},
	Date-Modified = {2018-12-03 14:30:55 -0600},
	Journal = {Statist.\ Sci.},
	Pubtype = oth,
	Title = {Comment on ``{P}robabilistic Integration: A Role in Statistical Computation?''},
	Year = {2018+}}

@misc{HicKriWoz19a,
	Author = {F. J. \HickernellFJ and P. Kritzer and H. Wo\'{z}niakowski},
	Date-Added = {2018-09-25 17:06:13 -0500},
	Date-Modified = {2018-11-15 06:21:22 -0600},
	Note = {Submitted for publication},
	Pubtype = sub,
	Title = {Exponential Tractability of Linear Tensor Product Problems},
	Year = {2018+}}

@misc{DinHic20a,
	Author = {Y. Ding and F. J. \HickernellFJ and {\relax Ll}. A. {Jim\'enez Rugama}},
	Date-Added = {2018-09-13 00:43:12 -0500},
	Date-Modified = {2018-11-15 06:23:34 -0600},
	Note = {Submitted for publication},
	Pubtype = sub,
	Title = {An Adaptive Algorithm Employing Continuous Linear Functionals},
	Year = {2018+}}

@webpage{SAMSIQMC17,
	Author = {F. J. \HickernellFJ and F. Y. Kuo and P. L'Ecuyer and A. B. Owen},
	Date-Added = {2018-03-14 20:42:17 +0000},
	Date-Modified = {2018-03-14 20:45:16 +0000},
	Title = {SAMSI Program on Quasi-Monte Carlo and High-Dimensional Sampling Methods for Applied Mathematics},
	Url = {https://www.samsi.info/programs-and-activities/year-long-research-programs/2017-18-program-quasi-monte-carlo-high-dimensional-sampling-methods-applied-mathematics-qmc/},
	Bdsk-Url-1 = {https://www.samsi.info/programs-and-activities/year-long-research-programs/2017-18-program-quasi-monte-carlo-high-dimensional-sampling-methods-applied-mathematics-qmc/}}

@misc{RatHic19a,
	Author = {R. Jagadeeswaran and F. J. \HickernellFJ},
	Date-Added = {2018-03-02 00:09:58 +0000},
	Date-Modified = {2018-10-25 22:18:04 -0500},
	Note = {Submitted for publication},
	Pubtype = sub,
	Title = {Fast Automatic {B}ayesian Cubature Using Lattice Sampling},
	Year = {2018+}}

@misc{JohFasHic18a,
	Author = {T. Johnson and G. E. Fasshauer and F. J. \HickernellFJ},
	Date-Added = {2017-11-21 04:34:30 +0000},
	Date-Modified = {2018-02-08 04:12:22 +0000},
	Note = {in preparation},
	Pubtype = prep,
	Title = {Characterizing Reproducing Kernel {H}ilbert Spaces},
	Year = {2018+}}

@incollection{HicEtal18a,
	Author = {F. J. \HickernellFJ and S.-C. T. Choi and L. Jiang and {\relax Ll}. A. {Jim\'enez Rugama}},
	Booktitle = {Wiley StatsRef-Statistics Reference Online},
	Date-Added = {2017-10-27 17:20:04 +0000},
	Date-Modified = {2018-08-16 07:20:29 -0500},
	Doi = {10.1002/9781118445112.stat08035},
	Editor = {M. Davidian and B. Everitt and R. S. Kenett and G. Molenberghs and W. Piegorsch and F. Ruggeri},
	Publisher = {John Wiley \& Sons Ltd.},
	Pubtype = chap,
	Title = {{M}onte {C}arlo simulation, automatic stopping criteria for},
	Year = {2018},
	Bdsk-Url-1 = {https://doi.org/10.1002/9781118445112.stat08035}}

@misc{ChoEtal15a,
	Author = {S.-C. T. Choi and Y. Ding and F. J. \HickernellFJ and L. Jiang and {\relax Ll}. A. {Jim\'enez Rugama} and X. Tong and Y. Zhang and X. Zhou},
	Date-Added = {2017-08-28 06:01:53 +0000},
	Date-Modified = {2017-08-28 06:01:53 +0000},
	Howpublished = {MATLAB software},
	Pubtype = soft,
	Title = {{GAIL}: {G}uaranteed {A}utomatic {I}ntegration {L}ibrary (Versions 1.0--2.1)},
	Url = {http://gailgithub.github.io/GAIL_Dev/},
	Year = {{2013--2015}},
	Bdsk-Url-1 = {http://gailgithub.github.io/GAIL_Dev/}}

@inproceedings{Hic17a,
	Author = {F. J. \HickernellFJ},
	Booktitle = {{M}onte {C}arlo and Quasi-{M}onte {C}arlo Methods: {MCQMC}, {S}tanford, USA, {A}ugust 2016},
	Crossref = {GlyOwe18a},
	Date-Added = {2016-11-18 02:43:17 +0000},
	Date-Modified = {2018-11-19 21:57:32 -0600},
	Pages = {3--27},
	Pubtype = chap,
	Title = {The Trio Identity for Quasi-{M}onte {C}arlo Error Analysis},
	Year = {2018}}

@incollection{HicEtal17a,
	Author = {F. J. \HickernellFJ and {\relax Ll}. A. {Jim\'enez Rugama} and D. Li},
	Booktitle = {Contemporary Computational Mathematics --- a celebration of the 80th birthday of {I}an {S}loan},
	Date-Added = {2016-11-18 02:39:54 +0000},
	Date-Modified = {2018-06-17 02:08:37 +0000},
	Doi = {10.1007/978-3-319-72456-0},
	Editor = {J. Dick and F. Y. Kuo and H. Wo\'zniakowski},
	Pages = {597--619},
	Publisher = {Springer-Verlag},
	Pubtype = chap,
	Title = {Adaptive Quasi-{M}onte {C}arlo Methods for Cubature},
	Year = {2018},
	Bdsk-Url-1 = {https://doi.org/10.1007/978-3-319-72456-0}}

@article{Gail_ug,
	Author = {Choi, Sou-Cheng T. and Ding, Yuhan and Hickernell, Fred J. and Jiang, Lan and {Jim\'enez Rugama}, {\relax Ll}. A. and Tong, Xin and Zhang, Yizhi and Zhou, Xuan},
	Date-Added = {2016-11-13 23:16:49 +0000},
	Date-Modified = {2017-10-05 19:22:53 +0000},
	Journal = {arXiv:1503.06544},
	Title = {{GAIL---Guaranteed Automatic Integration Library in MATLAB}: {D}ocumentation for Version 2.1},
	Year = {2015}}

@misc{ChoEtal17b,
	Author = {S.-C. T. Choi and Y. Ding and F. J. \HickernellFJ and L. Jiang and {\relax Ll}. A. {Jim\'enez Rugama} and D. Li and R. Jagadeeswaran and X. Tong and K. Zhang and Y. Zhang and X. Zhou},
	Date-Added = {2016-11-13 23:16:08 +0000},
	Date-Modified = {2018-06-17 03:03:24 +0000},
	Howpublished = {MATLAB software},
	Pubtype = soft,
	Title = {{GAIL}: {G}uaranteed {A}utomatic {I}ntegration {L}ibrary (Versions 1.0--2.2)},
	Url = {http://gailgithub.github.io/GAIL_Dev/},
	Year = {{2013--2017}},
	Bdsk-Url-1 = {http://gailgithub.github.io/GAIL_Dev/}}

@article{ChoEtal17a,
	Author = {S.-C. T. Choi and Y. Ding and F. J. \HickernellFJ and X. Tong},
	Date-Added = {2016-06-22 15:40:36 +0000},
	Date-Modified = {2017-11-19 22:35:08 +0000},
	Doi = {10.1016/j.jco.2016.11.005},
	Howpublished = {arXiv:1606.02766 [math.NA]},
	Journal = {J. Complexity},
	Pages = {17--33},
	Pubtype = art,
	Title = {Local Adaption for Approximation and Minimization of Univariate Functions},
	Volume = {40},
	Year = {2017},
	Bdsk-File-1 = {YnBsaXN0MDDSAQIDBFxyZWxhdGl2ZVBhdGhZYWxpYXNEYXRhXxBMLi4vLi4vLi4vLi4vLi4vQXJ0aWNsZXNfVGFsa3MvRmluYWxWZXJzaW9ucy8yMDE2dG8yMDE3L0xvY2FsQWRhcHRNaW5taXplLnBkZk8RAbQAAAAAAbQAAgAADE1hY2ludG9zaCBIRAAAAAAAAAAAAAAAAAAAAAAAAABCRAAB/////xVMb2NhbEFkYXB0TWlubWl6ZS5wZGYAAAAAAAAAAAAAAAAAAAAAAAAAAAAAAAAAAAAAAAAAAAAAAAAAAAAAAAD/////AAAAAAAAAAAAAAAAAAUABAAACiBjdQAAAAAAAAAAAAAAAAAKMjAxNnRvMjAxNwACAFUvOlVzZXJzOmZyZWRqaGlja2VybmVsbDpBcnRpY2xlc19UYWxrczpGaW5hbFZlcnNpb25zOjIwMTZ0bzIwMTc6TG9jYWxBZGFwdE1pbm1pemUucGRmAAAOACwAFQBMAG8AYwBhAGwAQQBkAGEAcAB0AE0AaQBuAG0AaQB6AGUALgBwAGQAZgAPABoADABNAGEAYwBpAG4AdABvAHMAaAAgAEgARAASAFNVc2Vycy9mcmVkamhpY2tlcm5lbGwvQXJ0aWNsZXNfVGFsa3MvRmluYWxWZXJzaW9ucy8yMDE2dG8yMDE3L0xvY2FsQWRhcHRNaW5taXplLnBkZgAAEwABLwAAFQACABb//wAAAAgADQAaACQAcwAAAAAAAAIBAAAAAAAAAAUAAAAAAAAAAAAAAAAAAAIr},
	Bdsk-Url-1 = {http://dx.doi.org/10.1016/j.jco.2016.11.00}}

@article{GilEtal16a,
	Author = {L. Gilquin and {\relax Ll}. A. {Jim\'enez Rugama} and E. Arnaud and F. J. \HickernellFJ and H. Monod and C. Prieur},
	Date-Added = {2016-06-22 15:30:18 +0000},
	Date-Modified = {2017-12-01 18:32:55 +0000},
	Doi = {10.1016/j.crma.2016.11.013},
	Journal = {C.\ R.\ Math.\ Acad.\ Sci.\ Paris},
	Pages = {10--14},
	Pubtype = art,
	Title = {Iterative Construction of Replicated Designs Based on {S}obol' Sequences},
	Volume = {355},
	Year = {2017},
	Bdsk-Url-1 = {http://dx.doi.org/10.1016/j.crma.2016.11.013}}

@misc{ChoEtal14a,
	Author = {S.-C. T. Choi and Y. Ding and F. J. \HickernellFJ and L. Jiang and {\relax Ll}. A. {Jim\'enez Rugama} and X. Tong and Y. Zhang and X. Zhou},
	Date-Added = {2015-03-14 21:25:26 +0000},
	Date-Modified = {2015-03-14 21:25:26 +0000},
	Howpublished = {MATLAB software},
	Pubtype = soft,
	Title = {{GAIL}: {G}uaranteed {A}utomatic {I}ntegration {L}ibrary (Versions 1.0--2.0)},
	Url = {http://code.google.com/p/gail},
	Year = {{2013--2014}},
	Bdsk-Url-1 = {http://code.google.com/p/gail}}

@article{ZenHic14a,
	Author = {X. Y. Zeng and F. J. \HickernellFJ},
	Date-Added = {2015-01-02 13:50:33 +0000},
	Date-Modified = {2015-03-29 00:25:41 +0000},
	Doi = {10.3969/j.issn.1006-6330.2014.04.015},
	Journal = {Comm.\ Appl.\ Math.\ Comput.},
	Pages = {502--509},
	Pubtype = art,
	Title = {On {H}amming Distance Matrix},
	Volume = {28},
	Year = {2014},
	Bdsk-Url-1 = {http://dx.doi.org/10.3969/j.issn.1006-6330.2014.04.015}}

@misc{HicNov16a,
	Author = {F. J. \HickernellFJ and E. Novak},
	Date-Added = {2014-09-22 11:55:33 +0000},
	Date-Modified = {2016-06-22 15:38:25 +0000},
	Note = {in preparation},
	Pubtype = prep,
	Title = {A Lower Complexity Bound for {M}onte {C}arlo Integration Over Integrands in a Cone Intersected with a Ball},
	Year = {2016+}}

@misc{DinHicWoz17a,
	Author = {Y. Ding and F. J. \HickernellFJ and H. Wo\'zniakowski},
	Date-Added = {2014-09-19 21:34:43 +0000},
	Date-Modified = {2016-06-22 15:39:21 +0000},
	Note = {in preparation},
	Pubtype = prep,
	Title = {Adaptive Piecewise Polynomial Function Recovery},
	Year = {2016+}}

@article{BerEtal14a,
	Author = {Z. Berkaliev and S. Devi and G. E. Fasshauer and F. J. \HickernellFJ and O. Kartal and X. Li and P. McCray and S. Whitney and J. S. Zawojewski},
	Date-Added = {2014-04-22 20:58:10 +0000},
	Date-Modified = {2014-08-13 02:24:48 +0000},
	Doi = {10.1080/10511970.2014.893939},
	Journal = {{PRIMUS}},
	Pages = {403--420},
	Pubtype = art,
	Title = {Initiating a Programmatic Assessment Report},
	Volume = {24},
	Year = {2014},
	Bdsk-Url-1 = {http://dx.doi.org/10.1080/10511970.2014.893939}}

@inproceedings{JimHic16a,
	Author = {{\relax Ll}. A. {Jim\'enez Rugama} and F. J. \HickernellFJ},
	Crossref = {CooNuy16a},
	Date-Added = {2014-04-19 00:28:14 +0000},
	Date-Modified = {2018-09-13 00:11:52 -0500},
	Note = {arXiv:1411.1966},
	Pages = {407--422},
	Pubtype = chap,
	Title = {Adaptive Multidimensional Integration Based on Rank-1 Lattices}}

@inproceedings{HicJim16a,
	Author = {F. J. \HickernellFJ and {\relax Ll}. A. {Jim\'enez Rugama}},
	Crossref = {CooNuy16a},
	Date-Added = {2014-04-19 00:26:40 +0000},
	Date-Modified = {2018-09-13 00:26:53 -0500},
	Note = {arXiv:1410.8615 [math.NA]},
	Pages = {367--383},
	Pubtype = chap,
	Title = {Reliable Adaptive Cubature Using Digital Sequences}}

@misc{JiaHic16a,
	Author = {L. Jiang and F. J. \HickernellFJ},
	Date-Added = {2014-04-19 00:17:21 +0000},
	Date-Modified = {2017-09-18 17:45:01 +0000},
	Howpublished = {arXiv:1411.1151},
	Note = {submitted for publication},
	Pubtype = sub,
	Title = {Guaranteed Conservative Confidence Intervals for Means of {B}ernoulli Random Variables},
	Year = {2014}}

@misc{ChoEtal13a,
	Author = {S.-C. T. Choi and Y. Ding and F. J. \HickernellFJ and L. Jiang and Y. Zhang},
	Date-Added = {2014-03-05 14:43:54 +0000},
	Date-Modified = {2014-03-05 14:43:54 +0000},
	Howpublished = {MATLAB software},
	Pubtype = soft,
	Title = {{GAIL}: {G}uaranteed {A}utomatic {I}ntegration {L}ibrary (Version 1)},
	Url = {http://code.google.com/p/gail},
	Year = {2013},
	Bdsk-Url-1 = {http://code.google.com/p/gail}}

@misc{HicRazYun15a,
	Author = {F. J. \HickernellFJ and M. Razo and S. Yun},
	Date-Added = {2013-12-05 02:38:17 +0000},
	Date-Modified = {2017-10-18 02:52:34 +0000},
	Note = {submitted for publication},
	Pubtype = prep,
	Title = {Reliable Adaptive Numerical Integration},
	Year = {2015+}}

@inproceedings{ZhoHic15a,
	Author = {X. Zhou and F. J. \HickernellFJ},
	Crossref = {CooNuy16a},
	Date-Added = {2013-03-15 04:25:22 +0000},
	Date-Modified = {2017-12-01 19:03:57 +0000},
	Note = {arXiv:1411.0790 [math.NA]},
	Pages = {583--598},
	Pubtype = chap,
	Title = {Tractability of the Radial Function Approximation Problem with Kernels of a Product Form}}

@inproceedings{HicEtal14a,
	Author = {F. J. \HickernellFJ and L. Jiang and Y. Liu and A. B. Owen},
	Crossref = {KuoEtal14a},
	Date-Added = {2012-06-25 03:41:26 +0000},
	Date-Modified = {2015-09-14 19:41:19 +0000},
	Pages = {105--128},
	Pubtype = chap,
	Title = {Guaranteed Conservative Fixed Width Confidence Intervals Via {M}onte {C}arlo Sampling},
	Bdsk-File-1 = {YnBsaXN0MDDSAQIDBFxyZWxhdGl2ZVBhdGhZYWxpYXNEYXRhXxCoLi4vLi4vLi4vLi4vLi4vQXJ0aWNsZXNfVGFsa3MvUHVibGlzaGVkIE1hbnVzY3JpcHRzL1B1YjIwMTQvQWRhcHRpdmVfTUNfcmVwby9NYW51c2NyaXB0MTM3TGFzdFR3b1R5cG9zb24yMDEzTm92L1BsZW5hcnlfSGlja2VybmVsbCBfd2l0aF9wcmVhbWJsZV9maXhfY2l0ZV90d29fdHlwb3MucGRmTxECyAAAAAACyAACAAAMTWFjaW50b3NoIEhEAAAAAAAAAAAAAAAAAAAAAAAAAEJEAAH/////H1BsZW5hcnlfSGlja2VybmVsbCNGRkZGRkZGRi5wZGYAAAAAAAAAAAAAAAAAAAAAAAAAAAAAAAAAAAAAAAAAAP////8AAAAAAAAAAAAAAAAABQAGAAAKIGN1AAAAAAAAAAAAAAAAAB9NYW51c2NyaXB0MTM3TGFzdFR3b1R5cG9zb24jMzY0AAACALEvOlVzZXJzOmZyZWRqaGlja2VybmVsbDpBcnRpY2xlc19UYWxrczpQdWJsaXNoZWQgTWFudXNjcmlwdHM6UHViMjAxNDpBZGFwdGl2ZV9NQ19yZXBvOk1hbnVzY3JpcHQxMzdMYXN0VHdvVHlwb3NvbjIwMTNOb3Y6UGxlbmFyeV9IaWNrZXJuZWxsIF93aXRoX3ByZWFtYmxlX2ZpeF9jaXRlX3R3b190eXBvcy5wZGYAAA4AcgA4AFAAbABlAG4AYQByAHkAXwBIAGkAYwBrAGUAcgBuAGUAbABsACAAXwB3AGkAdABoAF8AcAByAGUAYQBtAGIAbABlAF8AZgBpAHgAXwBjAGkAdABlAF8AdAB3AG8AXwB0AHkAcABvAHMALgBwAGQAZgAPABoADABNAGEAYwBpAG4AdABvAHMAaAAgAEgARAASAK9Vc2Vycy9mcmVkamhpY2tlcm5lbGwvQXJ0aWNsZXNfVGFsa3MvUHVibGlzaGVkIE1hbnVzY3JpcHRzL1B1YjIwMTQvQWRhcHRpdmVfTUNfcmVwby9NYW51c2NyaXB0MTM3TGFzdFR3b1R5cG9zb24yMDEzTm92L1BsZW5hcnlfSGlja2VybmVsbCBfd2l0aF9wcmVhbWJsZV9maXhfY2l0ZV90d29fdHlwb3MucGRmAAATAAEvAAAVAAIAFv//AAAACAANABoAJADPAAAAAAAAAgEAAAAAAAAABQAAAAAAAAAAAAAAAAAAA5s=}}

@misc{CheEtal13a,
	Author = {J. Chen and Y. Li and M. Anitescu and F. J. \HickernellFJ},
	Date-Added = {2012-06-25 03:33:15 +0000},
	Date-Modified = {2016-06-22 15:38:52 +0000},
	Note = {in preparation},
	Pubtype = prep,
	Title = {Optimal design when derivative information is available using semi-definite programming},
	Year = {2016+}}

@article{FasHicYe13a,
	Author = {G. E. Fasshauer and F. J. \HickernellFJ and Q. Ye},
	Date-Added = {2012-06-25 03:25:38 +0000},
	Date-Modified = {2014-11-03 21:51:24 +0000},
	Doi = {10.1016/j.acha.2014.03.007},
	Journal = {Appl.\ Comput.\ Harmon.\ Anal.},
	Pages = {115--139},
	Pubtype = art,
	Title = {Solving Support Vector Machines in Reproducing Kernel {B}anach Spaces with Positive Definite Functions},
	Volume = {38},
	Year = {2015},
	Bdsk-Url-1 = {http://dx.doi.org/10.1016/j.acha.2014.03.007}}

@article{HicEtal14b,
	Author = {N. Clancy and Y. Ding and C. Hamilton and F. J. \HickernellFJ and Y. Zhang},
	Date-Added = {2011-11-21 02:54:33 +0000},
	Date-Modified = {2013-11-27 04:26:21 +0000},
	Doi = {10.1016/j.jco.2013.09.002},
	Journal = jcomp,
	Pages = {21--45},
	Pubtype = art,
	Title = {The Cost of Deterministic, Adaptive, Automatic Algorithms: Cones, Not Balls},
	Volume = {30},
	Year = {2014},
	Bdsk-File-1 = {YnBsaXN0MDDSAQIDBFxyZWxhdGl2ZVBhdGhZYWxpYXNEYXRhXxBcLi4vLi4vLi4vLi4vLi4vQXJ0aWNsZXNfVGFsa3MvRmluYWxWZXJzaW9ucy8yMDE0dG8yMDE1L0NsYW5jeUV0YWxDb25lc1lKQ09NMTE3M3B1Ymxpc2hlZC5wZGZPEQH0AAAAAAH0AAIAAAxNYWNpbnRvc2ggSEQAAAAAAAAAAAAAAAAAAAAAAAAAQkQAAf////8fQ2xhbmN5RXRhbENvbmVzWUpDI0ZGRkZGRkZGLnBkZgAAAAAAAAAAAAAAAAAAAAAAAAAAAAAAAAAAAAAAAAAA/////wAAAAAAAAAAAAAAAAAFAAQAAAogY3UAAAAAAAAAAAAAAAAACjIwMTR0bzIwMTUAAgBlLzpVc2VyczpmcmVkamhpY2tlcm5lbGw6QXJ0aWNsZXNfVGFsa3M6RmluYWxWZXJzaW9uczoyMDE0dG8yMDE1OkNsYW5jeUV0YWxDb25lc1lKQ09NMTE3M3B1Ymxpc2hlZC5wZGYAAA4ATAAlAEMAbABhAG4AYwB5AEUAdABhAGwAQwBvAG4AZQBzAFkASgBDAE8ATQAxADEANwAzAHAAdQBiAGwAaQBzAGgAZQBkAC4AcABkAGYADwAaAAwATQBhAGMAaQBuAHQAbwBzAGgAIABIAEQAEgBjVXNlcnMvZnJlZGpoaWNrZXJuZWxsL0FydGljbGVzX1RhbGtzL0ZpbmFsVmVyc2lvbnMvMjAxNHRvMjAxNS9DbGFuY3lFdGFsQ29uZXNZSkNPTTExNzNwdWJsaXNoZWQucGRmAAATAAEvAAAVAAIAFv//AAAACAANABoAJACDAAAAAAAAAgEAAAAAAAAABQAAAAAAAAAAAAAAAAAAAns=},
	Bdsk-Url-1 = {http://dx.doi.org/10.1016/j.jco.2013.09.002}}

@article{HicLi12a,
	Author = {Y. Li and F. J. \HickernellFJ},
	Date-Added = {2011-10-06 18:02:08 +0000},
	Date-Modified = {2014-09-21 22:42:56 +0000},
	Doi = {10.1016/j.jspi.2013.01.010},
	Journal = jspi,
	Pages = {141--151},
	Pubtype = art,
	Title = {Design of Experiments for Linear Regression Models when Gradient Information Is Available},
	Volume = {144},
	Year = {2014},
	Bdsk-Url-1 = {http://dx.doi.org/10.1016/j.jspi.2013.01.010}}

@article{SonZhaHic12a,
	Author = {G. Song and H. Zhang and F. J. \HickernellFJ},
	Date-Added = {2011-06-03 08:34:13 -0500},
	Date-Modified = {2013-03-15 15:13:24 +0000},
	Doi = {10.1016/j.acha.2012.03.009},
	Journal = {Appl.\ Comput.\ Harmon.\ Anal.},
	Pages = {96--116},
	Pubtype = art,
	Title = {Reproducing Kernel {B}anach Spaces with the $\ell^1$ Norm},
	Volume = {34},
	Year = {2013},
	Bdsk-Url-1 = {http://dx.doi.org/10.1016/j.acha.2012.03.009}}

@article{FasHicWoz12a,
	Author = {G. E. Fasshauer and F. J. \HickernellFJ and H. Wo\'{z}niakowski},
	Date-Added = {2011-05-20 08:27:27 -0500},
	Date-Modified = {2013-03-01 23:32:22 +0000},
	Doi = {10.1137/10080138X},
	Journal = sinum,
	Pages = {247--271},
	Pubtype = art,
	Title = {On Dimension-Independent Rates of Convergence for Function Approximation with {G}aussian Kernels},
	Volume = {50},
	Year = {2012},
	Bdsk-File-1 = {YnBsaXN0MDDSAQIDBFxyZWxhdGl2ZVBhdGhZYWxpYXNEYXRhXxBULi4vLi4vLi4vLi4vLi4vQXJ0aWNsZXNfVGFsa3MvRmluYWxWZXJzaW9ucy8yMDEydG8yMDEzL0dyZWdGcmVkSGVucnlrR2F1c3NLZXJuZWwucGRmTxEB1AAAAAAB1AACAAAMTWFjaW50b3NoIEhEAAAAAAAAAAAAAAAAAAAAAAAAAEJEAAH/////HUdyZWdGcmVkSGVucnlrR2F1c3NLZXJuZWwucGRmAAAAAAAAAAAAAAAAAAAAAAAAAAAAAAAAAAAAAAAAAAAAAP////8AAAAAAAAAAAAAAAAABQAEAAAKIGN1AAAAAAAAAAAAAAAAAAoyMDEydG8yMDEzAAIAXS86VXNlcnM6ZnJlZGpoaWNrZXJuZWxsOkFydGljbGVzX1RhbGtzOkZpbmFsVmVyc2lvbnM6MjAxMnRvMjAxMzpHcmVnRnJlZEhlbnJ5a0dhdXNzS2VybmVsLnBkZgAADgA8AB0ARwByAGUAZwBGAHIAZQBkAEgAZQBuAHIAeQBrAEcAYQB1AHMAcwBLAGUAcgBuAGUAbAAuAHAAZABmAA8AGgAMAE0AYQBjAGkAbgB0AG8AcwBoACAASABEABIAW1VzZXJzL2ZyZWRqaGlja2VybmVsbC9BcnRpY2xlc19UYWxrcy9GaW5hbFZlcnNpb25zLzIwMTJ0bzIwMTMvR3JlZ0ZyZWRIZW5yeWtHYXVzc0tlcm5lbC5wZGYAABMAAS8AABUAAgAW//8AAAAIAA0AGgAkAHsAAAAAAAACAQAAAAAAAAAFAAAAAAAAAAAAAAAAAAACUw==},
	Bdsk-Url-1 = {http://dx.doi.org/10.1137/10080138X}}

@article{LiEtal11a,
	Author = {Y. Li and M. Anitescu and O. Roderick and F. J. \HickernellFJ},
	Date-Added = {2011-05-11 22:35:24 -0500},
	Date-Modified = {2017-10-25 21:05:32 +0000},
	Doi = {10.1615/Int.J.UncertaintyQuantification.2011002790},
	Journal = {Internat.\ J. Uncertain.\ Quant.},
	Pages = {297--320},
	Pubtype = art,
	Title = {Orthogonal Bases for Polynomial Regression with Derivative Information in Uncertainty Quantification},
	Volume = {1},
	Year = {2011},
	Bdsk-Url-1 = {http://dx.doi.org/10.1615/Int.J.UncertaintyQuantification.2011002790}}

@article{HicYan09b,
	Author = {F. J. \HickernellFJ and S. Yang},
	Date-Added = {2010-07-14 16:06:58 -0500},
	Date-Modified = {2010-08-15 10:09:47 -0500},
	Doi = {10.1016/j.cam.2008.05.024},
	Journal = {J. Comput.\ Appl.\ Math.},
	Pages = {433--443},
	Pubtype = art,
	Title = {Simplified analytical expressions for numerical differentiation via cycle index},
	Volume = {224},
	Year = {2009},
	Bdsk-Url-1 = {http://dx.doi.org/10.1016/j.cam.2008.05.024}}

@inproceedings{FasHicWoz12b,
	Author = {G. E. Fasshauer and F. J. \HickernellFJ and H. Wo\'{z}niakowski},
	Crossref = {PlaWoz12a},
	Date-Added = {2010-06-29 14:55:53 -0500},
	Date-Modified = {2012-12-18 02:33:44 +0000},
	Pages = {329--344},
	Pubtype = chap,
	Title = {Average Case Approximation: Convergence and Tractability of {G}aussian Kernels},
	Bdsk-File-1 = {YnBsaXN0MDDSAQIDBFxyZWxhdGl2ZVBhdGhZYWxpYXNEYXRhXxBULi4vLi4vLi4vLi4vLi4vQXJ0aWNsZXNfVGFsa3MvRmluYWxWZXJzaW9ucy8yMDEydG8yMDEzL0Zhc3NIaWNXb3pNQ1FNQzIwMTBfcHJvb2YucGRmTxEB1AAAAAAB1AACAAAMTWFjaW50b3NoIEhEAAAAAAAAAAAAAAAAAAAAAAAAAEJEAAH/////HUZhc3NIaWNXb3pNQ1FNQzIwMTBfcHJvb2YucGRmAAAAAAAAAAAAAAAAAAAAAAAAAAAAAAAAAAAAAAAAAAAAAP////8AAAAAAAAAAAAAAAAABQAEAAAKIGN1AAAAAAAAAAAAAAAAAAoyMDEydG8yMDEzAAIAXS86VXNlcnM6ZnJlZGpoaWNrZXJuZWxsOkFydGljbGVzX1RhbGtzOkZpbmFsVmVyc2lvbnM6MjAxMnRvMjAxMzpGYXNzSGljV296TUNRTUMyMDEwX3Byb29mLnBkZgAADgA8AB0ARgBhAHMAcwBIAGkAYwBXAG8AegBNAEMAUQBNAEMAMgAwADEAMABfAHAAcgBvAG8AZgAuAHAAZABmAA8AGgAMAE0AYQBjAGkAbgB0AG8AcwBoACAASABEABIAW1VzZXJzL2ZyZWRqaGlja2VybmVsbC9BcnRpY2xlc19UYWxrcy9GaW5hbFZlcnNpb25zLzIwMTJ0bzIwMTMvRmFzc0hpY1dvek1DUU1DMjAxMF9wcm9vZi5wZGYAABMAAS8AABUAAgAW//8AAAAIAA0AGgAkAHsAAAAAAAACAQAAAAAAAAAFAAAAAAAAAAAAAAAAAAACUw==}}

@article{SonRidFasHic10a,
	Author = {G. Song and J. Riddle and G. E. Fasshauer and F. J. \HickernellFJ},
	Date-Added = {2009-12-15 08:20:56 -0600},
	Date-Modified = {2012-06-20 23:09:52 +0000},
	Doi = {10.1007/s10444-011-9192-5},
	Journal = {Adv.\ Comput.\ Math.},
	Pages = {485--501},
	Pubtype = art,
	Title = {Multivariate Interpolation with Increasingly Flat Radial Basis Functions of Finite Smoothness},
	Volume = {36},
	Year = {2012},
	Bdsk-Url-1 = {http://dx.doi.org/10.1007/s10444-011-9192-5}}

@article{HicMGRitNiu09a,
	Author = {F. J. \HickernellFJ and T. M\"uller-Gronbach and B. Niu and K. Ritter},
	Date-Added = {2009-08-20 16:22:16 -0500},
	Date-Modified = {2010-07-14 16:25:48 -0500},
	Doi = {10.1016/j.jco.2010.02.002},
	Journal = {J. Complexity},
	Pages = {229--254},
	Pubtype = art,
	Title = {Multi-Level {M}onte {C}arlo Algorithms for Infinite-Dimensional Integration on $\mathbb{R}^\mathbb{N}$},
	Volume = {26},
	Year = {2010},
	Bdsk-File-1 = {YnBsaXN0MDDSAQIDBFxyZWxhdGl2ZVBhdGhZYWxpYXNEYXRhXxBhLi4vLi4vLi4vLi4vLi4vQXJ0aWNsZXNfVGFsa3MvRmluYWxWZXJzaW9ucy8yMDEwdG8yMDExL0ZyZWRUaG9tYXNCZW5LbGF1c1JhbmRvbUluZkRfWUpDT00xMDI5LnBkZk8RAgYAAAAAAgYAAgAADE1hY2ludG9zaCBIRAAAAAAAAAAAAAAAAAAAAAAAAABCRAAB/////x9GcmVkVGhvbWFzQmVuS2xhdXMjRkZGRkZGRkYucGRmAAAAAAAAAAAAAAAAAAAAAAAAAAAAAAAAAAAAAAAAAAD/////AAAAAAAAAAAAAAAAAAUABAAACiBjdQAAAAAAAAAAAAAAAAAKMjAxMHRvMjAxMQACAGovOlVzZXJzOmZyZWRqaGlja2VybmVsbDpBcnRpY2xlc19UYWxrczpGaW5hbFZlcnNpb25zOjIwMTB0bzIwMTE6RnJlZFRob21hc0JlbktsYXVzUmFuZG9tSW5mRF9ZSkNPTTEwMjkucGRmAA4AVgAqAEYAcgBlAGQAVABoAG8AbQBhAHMAQgBlAG4ASwBsAGEAdQBzAFIAYQBuAGQAbwBtAEkAbgBmAEQAXwBZAEoAQwBPAE0AMQAwADIAOQAuAHAAZABmAA8AGgAMAE0AYQBjAGkAbgB0AG8AcwBoACAASABEABIAaFVzZXJzL2ZyZWRqaGlja2VybmVsbC9BcnRpY2xlc19UYWxrcy9GaW5hbFZlcnNpb25zLzIwMTB0bzIwMTEvRnJlZFRob21hc0JlbktsYXVzUmFuZG9tSW5mRF9ZSkNPTTEwMjkucGRmABMAAS8AABUAAgAW//8AAAAIAA0AGgAkAIgAAAAAAAACAQAAAAAAAAAFAAAAAAAAAAAAAAAAAAACkg==},
	Bdsk-Url-1 = {http://dx.doi.org/10.1016/j.jco.2010.02.002}}

@article{LiuYueHic09a,
	Author = {X. Liu and R.-X. Yue and F. J. \HickernellFJ},
	Date-Added = {2009-08-03 10:05:28 -0500},
	Date-Modified = {2011-06-03 08:19:53 -0500},
	Journal = {Statist.\ Sinica},
	Pages = {421--432},
	Pubtype = art,
	Title = {Optimality Criteria for Multiresponse Linear Models Based on Predictive Ellipsoid},
	Volume = {21},
	Year = {2011}}

@article{HicEtal10a,
	Author = {F. J. \HickernellFJ and P. Kritzer and F. Y. Kuo and D. Nuyens},
	Date-Added = {2009-06-14 22:26:48 -0500},
	Date-Modified = {2012-01-09 15:28:40 +0000},
	Doi = {10.1007/s11075-011-9482-5},
	Journal = {Numer.\ Algorithms},
	Pages = {161--183},
	Pubtype = art,
	Title = {Weighted Compound Integration Rules with Higher Order Convergence for All {$N$}},
	Volume = {59},
	Year = {2012},
	Bdsk-Url-1 = {http://dx.doi.org/10.1007/s11075-011-9482-5}}

@article{NiuHic09b,
	Author = {B. Niu and F. J. \HickernellFJ and T. M\"uller-Gronbach and K. Ritter},
	Date-Added = {2009-05-20 01:09:54 -0500},
	Date-Modified = {2011-09-26 15:08:51 +0000},
	Doi = {10.1016/j.jco.2010.08.001},
	Journal = jcomp,
	Pages = {331--351},
	Pubtype = art,
	Title = {Deterministic Multi-level Algorithms for Infinite-dimensional Integration on {$\mathbb{R}^{\mathbb{N}}$}},
	Volume = {27},
	Year = {2011},
	Bdsk-File-1 = {YnBsaXN0MDDSAQIDBFxyZWxhdGl2ZVBhdGhZYWxpYXNEYXRhXxBcLi4vLi4vLi4vLi4vLi4vQXJ0aWNsZXNfVGFsa3MvRmluYWxWZXJzaW9ucy8yMDEwdG8yMDExL05pdUhpY1Rob21hc0tsYXVzRGV0ZXJtTXVsdGlsZXZlbC5wZGZPEQH0AAAAAAH0AAIAAAxNYWNpbnRvc2ggSEQAAAAAAAAAAAAAAAAAAAAAAAAAQkQAAf////8fTml1SGljVGhvbWFzS2xhdXNEI0ZGRkZGRkZGLnBkZgAAAAAAAAAAAAAAAAAAAAAAAAAAAAAAAAAAAAAAAAAA/////wAAAAAAAAAAAAAAAAAFAAQAAAogY3UAAAAAAAAAAAAAAAAACjIwMTB0bzIwMTEAAgBlLzpVc2VyczpmcmVkamhpY2tlcm5lbGw6QXJ0aWNsZXNfVGFsa3M6RmluYWxWZXJzaW9uczoyMDEwdG8yMDExOk5pdUhpY1Rob21hc0tsYXVzRGV0ZXJtTXVsdGlsZXZlbC5wZGYAAA4ATAAlAE4AaQB1AEgAaQBjAFQAaABvAG0AYQBzAEsAbABhAHUAcwBEAGUAdABlAHIAbQBNAHUAbAB0AGkAbABlAHYAZQBsAC4AcABkAGYADwAaAAwATQBhAGMAaQBuAHQAbwBzAGgAIABIAEQAEgBjVXNlcnMvZnJlZGpoaWNrZXJuZWxsL0FydGljbGVzX1RhbGtzL0ZpbmFsVmVyc2lvbnMvMjAxMHRvMjAxMS9OaXVIaWNUaG9tYXNLbGF1c0RldGVybU11bHRpbGV2ZWwucGRmAAATAAEvAAAVAAIAFv//AAAACAANABoAJACDAAAAAAAAAgEAAAAAAAAABQAAAAAAAAAAAAAAAAAAAns=},
	Bdsk-Url-1 = {http://dx.doi.org/10.1016/j.jco.2010.08.001}}

@inproceedings{NiuHic09a,
	Author = {B. Niu and F. J. \HickernellFJ},
	Crossref = {LecOwe10a},
	Date-Added = {2008-06-12 20:53:37 -0500},
	Date-Modified = {2017-10-03 23:25:20 +0000},
	Pages = {545--560},
	Pubtype = chap,
	Title = {{M}onte {C}arlo Simulation of Stochastic Integrals when the Cost of Function Evaluation is Dimension Dependent}}

@article{ZenKriHic07a,
	Author = {X. Y. Zeng and P. Kritzer and F. J. \HickernellFJ},
	Date-Added = {2007-10-05 09:53:27 -0500},
	Date-Modified = {2009-12-14 11:29:59 -0600},
	Doi = {10.1007/s00365-009-9072-0},
	Journal = {Constr.\ Approx.},
	Pages = {529--555},
	Pubtype = art,
	Title = {Spline Methods Using Integration Lattices and Digital Nets},
	Volume = {30},
	Year = {2009},
	Bdsk-Url-1 = {http://dx.doi.org/10.1007/s00365-009-9072-0}}

@inproceedings{DamHic07b,
	Author = {S. B. Damelin and F. J. \HickernellFJ},
	Booktitle = {Proc. 2007 International Conference on Computational and Mathematical Methods in Science and Engineering},
	Date-Added = {2007-07-10 11:00:11 -0500},
	Date-Modified = {2007-07-10 11:04:28 -0500},
	Editor = {B. A. Wade},
	Pages = {143--147},
	Pubtype = oth,
	Title = {Energy and Discrepancy as Designs for Numerical Computation},
	Year = {2007}}

@incollection{FangHic07a,
	Address = {New York},
	Author = {K. T. Fang and F. J. \HickernellFJ},
	Booktitle = {Encyclopedia of Statistics in Quality and Reliability},
	Date-Added = {2007-07-02 12:49:25 -0500},
	Date-Modified = {2009-02-03 18:58:30 -0600},
	Editor = {F. Ruggeri and R. Kenett and F. Faltin},
	Pages = {2037-2040},
	Publisher = {John Wiley \& Sons},
	Pubtype = chap,
	Title = {Uniform Experimental Design},
	Year = {2008}}

@article{HicYan07a,
	Author = {F. J. \HickernellFJ and S. Yang},
	Date-Added = {2007-07-02 11:22:42 -0500},
	Date-Modified = {2008-09-16 15:28:30 -0500},
	Journal = ijnam,
	Pages = {457--465},
	Pubtype = art,
	Title = {Explicit {H}ermite Interpolation Polynomials via the Cycle Index with Applications},
	Volume = {5},
	Year = {2008}}

@article{DamHicZen07a,
	Author = {S. Damelin and F. J. \HickernellFJ and D. L. Ragozin and X. Y. Zeng},
	Date-Added = {2006-12-04 16:31:00 -0600},
	Date-Modified = {2011-09-26 15:11:51 +0000},
	Doi = {10.1007/s00041-010-9153-2},
	Journal = {J.\ Fourier Anal.\ Appl.},
	Pages = {813--839},
	Pubtype = art,
	Title = {On Energy, Discrepancy and Group Invariant Measures on Measurable Subsets of {E}uclidean Space},
	Volume = {16},
	Year = {2010},
	Bdsk-Url-1 = {http://dx.doi.org/10.1007/s00041-010-9153-2}}

@inproceedings{FanEtal06a,
	Author = {K. T. Fang and J. J. Liang and F. J. \HickernellFJ and R. Li},
	Booktitle = {Random Walks, Sequential Analysis and Related Topics},
	Date-Added = {2006-07-20 15:00:31 -0500},
	Date-Modified = {2007-06-25 15:14:53 -0500},
	Editor = {A. Hsiung and Z. Ying and C.-H. Zhang},
	Pages = {254--268},
	Publisher = {World Scientific, Singapore},
	Pubtype = chap,
	Title = {A Stabilized Uniform Q-Q Plot to Detect Non-Multinormality},
	Year = {2006}}

@inproceedings{HicWasWoz06a,
	Author = {F. J. \HickernellFJ and G. W. Wasilkowski and H. Wo\'{z}niakowski},
	Crossref = {HeiKelNie08a},
	Pages = {423--452},
	Pubtype = chap,
	Title = {Tractability of Linear Multivariate Problems in the Average Case Setting}}

@article{AiHic05,
	Author = {M. Ai and F. J. \HickernellFJ},
	Date-Modified = {2013-03-15 19:30:20 +0000},
	Doi = {10.1007/s11425-009-0171-y},
	Journal = {Sci.\ China Ser.\ A},
	Pages = {2309--2320},
	Pubtype = art,
	Title = {Universal Optimality of Net and Lattice Designs},
	Volume = {52},
	Year = 2009,
	Bdsk-Url-1 = {http://dx.doi.org/10.1007/s11425-009-0171-y}}

@article{AiHic05b,
	Author = {M. Ai and F. J. \HickernellFJ and D. K. J. Lin},
	Date-Modified = {2008-04-25 07:04:59 -0500},
	Journal = {Statist.\ Probab.\ Lett.},
	Pages = {896--903},
	Pubtype = art,
	Title = {Optimal Foldover Plans for Regular $s$-level Fractional Factorial Designs},
	Volume = {78},
	Year = 2008}

@article{AnHicZhu95,
	Author = {H. Z. An and F. J. \HickernellFJ and L. X. Zhu},
	Journal = {Chinese Sci.\ Bull.},
	Mr = {96f:62113},
	Pages = {802--807},
	Pubtype = art,
	Title = {Universally Consistent Estimation for Stochastic Regression Models},
	Volume = {40},
	Year = 1995,
	Zm = {834.62064}}

@article{AnHicZhu98,
	Author = {H. Z. An and F. J. \HickernellFJ and L. X. Zhu},
	Journal = {J. Multivariate Anal.},
	Mr = {99b:62098},
	Pages = {242-258},
	Pubtype = art,
	Title = {A New Class of Consistent Estimators for Stochastic Linear Regressive Models},
	Volume = {63},
	Year = 1997,
	Zm = {884.62095}}

@inproceedings{ChaEtal88,
	Address = {Seattle, WA},
	Author = {M. K. Chan and M. J. Li and F. J. \HickernellFJ and S. J. Hu and S. K. Ng and H. M. Ngai and C. C. Barnett and W. M. Holmes},
	Booktitle = {Proc.\ 1988 Summer Computer Simulation Conference},
	Pages = {881-885},
	Pubtype = oth,
	Title = {Simulation studies of the automatic control of a blast furnace process},
	Year = 1988}

@article{CheHic94,
	Author = {J. D. Chen and F. J. \HickernellFJ},
	Journal = {Sci.\ China Ser.\ A},
	Mr = {96b:62127},
	Pages = {1314-1324},
	Pubtype = art,
	Title = {A Class of Asymptotically Optimal Sequential Tests for Composite Hypotheses},
	Volume = {37},
	Year = 1994,
	Zm = {812.62084}}

@article{DicHicLiu07a,
	Author = {K. I. Liu and J. Dick and F. J. \HickernellFJ},
	Date-Modified = {2010-07-14 15:57:15 -0500},
	Doi = {10.1090/S0025-5718-09-02202-9},
	Journal = mc,
	Pages = {1573--1591},
	Pubtype = art,
	Title = {A Multivariate Fast Discrete {W}alsh Transform with an Application to Function Interpolation},
	Volume = {78},
	Year = 2009,
	Bdsk-Url-1 = {http://dx.doi.org/10.1090/S0025-5718-09-02202-9}}

@inproceedings{EldEtal77,
	Author = {R. H. Elderkin and D. P. Berkowitz and F. A. Farris and C. F. Gunn and F. J. \HickernellFJ and S. N. Kass and F. I. Mansfield and R. G. Taranto},
	Booktitle = {Nonlinear Systems and Applications: An International Conference},
	Editor = {V. Lakshmikantham},
	Mr = {58 \#4446},
	Pages = {491-512},
	Publisher = {Academic Press, New York},
	Pubtype = chap,
	Title = {On the Steady State of an Age Dependent Model for Malaria},
	Year = 1977}

@article{FanHic04a,
	Author = {G. Fang and F. J. \HickernellFJ and H. Li},
	Journal = JComp,
	Pages = {294-313},
	Pubtype = art,
	Title = {Approximation on Anisotropic Multivariate {B}esov Classes of Functions by Standard Information},
	Year = 2005}

@article{FanHic95,
	Address = {Beijing},
	Author = {K. T. Fang and F. J. \HickernellFJ},
	Journal = {Bull.\ Inst.\ Internat.\ Statist., $50^{\mbox{th}}$ Session, Book 1},
	Pages = {333-349},
	Pubtype = chap,
	Title = {The Uniform Design and Its Applications},
	Year = 1995}

@article{FanHic96,
	Author = {K. T. Fang and F. J. \HickernellFJ},
	Date-Modified = {2018-12-03 14:31:22 -0600},
	Journal = JRSSB,
	Pages = {103},
	Pubtype = oth,
	Title = {Comment on ``{E}xperimental Design and Observation for Large Systems'', by {R.} {A.} {B}ates et. al.},
	Volume = {58},
	Year = 1996}

@inproceedings{FanHicWin97,
	Author = {K. T. Fang and F. J. \HickernellFJ and P. Winker},
	Booktitle = {Operations Research and Its Applications},
	Editor = {D. Z. Du and Z. S. Zhang and K. Cheng},
	Pages = {14-24},
	Publisher = {World Publishing Corp., Beijing},
	Pubtype = chap,
	Series = {Lecture Notes in Operations Research},
	Title = {Some Global Optimization Algorithms in Statistics},
	Volume = {2},
	Year = 1996}

@misc{FanHic03,
	Author = {K. T. Fang and F. J. \HickernellFJ},
	Date-Modified = {2007-06-05 15:41:58 -0500},
	Note = {in preparation},
	Pubtype = prep,
	Title = {Uniform Experimental Designs},
	Year = 2007}

@article{FenXuHic05a,
	Author = {K. Feng and L. Xu and F. J. \HickernellFJ},
	Date-Modified = {2007-06-05 15:03:58 -0500},
	Journal = {Finite Fields Appl.},
	Pages = {638--652},
	Pubtype = art,
	Title = {Linear Error-Block Codes},
	Volume = {12},
	Year = 2006}

@article{HeiHic02a,
	Author = {F. J. \HickernellFJ and J. Dick},
	Date-Modified = {2008-09-16 15:29:41 -0500},
	Journal = ijnam,
	Pages = {167--189},
	Pubtype = art,
	Title = {An Algorithm-Driven Approach to Error Analysis for Multidimensional Integration},
	Volume = {5},
	Year = 2008}

@article{HeiHicYue02a,
	Author = {S. Heinrich and F. J. \HickernellFJ and R. X. Yue},
	Date-Modified = {2017-10-03 23:09:53 +0000},
	Journal = MC,
	Pages = {259-277},
	Pubtype = art,
	Title = {Optimal Quadrature for {H}aar Wavelet Spaces},
	Volume = 73,
	Year = 2004}

@inproceedings{HeiHicYue02b,
	Author = {S. Heinrich and F. J. \HickernellFJ and R. X. Yue},
	Booktitle = {Wavelet Analysis and Its Applications},
	Editor = {Y. Y. Tang and V. Wickerhauser and P. C. Yuen and C. H. Li},
	Number = 2251,
	Pages = {99-106},
	Publisher = {Springer-Verlag, New York},
	Pubtype = chap,
	Series = {Lecture Notes in Computer Science},
	Title = {Integration of Multivariate {H}aar Wavelet Series},
	Year = 2001}

@inproceedings{Hic77,
	Author = {F. J. \HickernellFJ},
	Booktitle = {Proc.\ 1977 IEEE Ultrason.\ Symp.},
	Pages = {309-312},
	Pubtype = oth,
	Title = {The Effect of the Structure and Composition of Zinc Oxide Films on Their Elastic Properties},
	Year = 1977}

@article{Hic83a,
	Author = {F. J. \HickernellFJ},
	Journal = StAM,
	Mr = {85e:76029a},
	Pages = {1-21},
	Pubtype = art,
	Title = {The Evolution of Large-Horizontal-Scale Disturbances in Marginally Stable, Inviscid, Shear flows. {I.} {D}erivation of the Amplitude Evolution Equations},
	Volume = {69},
	Year = 1983,
	Zm = {531.76052}}

@article{Hic83b,
	Author = {F. J. \HickernellFJ},
	Journal = StAM,
	Mr = {85e:76029b},
	Pages = {23-49},
	Pubtype = art,
	Title = {The Evolution of Large-Horizontal-Scale Disturbances in Marginally Stable, Inviscid, Shear flows. {II.} {S}olutions of the {B}oussinesq Equation},
	Volume = {69},
	Year = 1983,
	Zm = {531.76053}}

@article{Hic84,
	Author = {F. J. \HickernellFJ},
	Journal = {J. Fluid Mech.},
	Mr = {86k:76036},
	Pages = {431-449},
	Pubtype = art,
	Title = {Time-Dependent Critical Layers in Shear Flows on the Beta-Plane},
	Volume = {142},
	Year = 1984,
	Zm = {561.76056}}

@article{Hic85,
	Author = {F. J. \HickernellFJ},
	Journal = StAM,
	Mr = {86c:86002},
	Pages = {87-93},
	Pubtype = art,
	Title = {An Upper Bound on the Growth Rate of a Linear Instability in a Homogeneous Shear Flow},
	Volume = {72},
	Year = 1985,
	Zm = {588.76068}}

@inproceedings{Hic95,
	Author = {F. J. \HickernellFJ},
	Crossref = {NieShi95},
	Mr = {1 445 789},
	Pages = {213-227},
	Pubtype = chap,
	Title = {A Comparison of Random and Quasirandom Points for Multidimensional Quadrature},
	Zm = {831.65023}}

@article{Hic96a,
	Author = {F. J. \HickernellFJ},
	Journal = SINUM,
	Mr = {97m:6050},
	Note = {corrected printing of Sections 3-6 in ibid., {\bf 34} (1997), 853--866},
	Pages = {1995-2016},
	Pubtype = art,
	Title = {Quadrature Error Bounds with Applications to Lattice Rules},
	Volume = {33},
	Year = 1996,
	Zm = {855.41024}}

@article{Hic96b,
	Author = {F. J. \HickernellFJ},
	Journal = ACMTOMACS,
	Pages = {274-296},
	Pubtype = art,
	Title = {The Mean Square Discrepancy of Randomized Nets},
	Volume = 6,
	Year = 1996,
	Zm = {887.65030}}

@article{Hic97a,
	Author = {F. J. \HickernellFJ},
	Date-Modified = {2013-03-18 00:48:45 +0000},
	Doi = {10.1090/S0025-5718-98-00894-1},
	Journal = MC,
	Mr = {98c:65032},
	Pages = {299-322},
	Pubtype = art,
	Title = {A Generalized Discrepancy and Quadrature Error Bound},
	Volume = 67,
	Year = 1998,
	Zm = {889.41025},
	Bdsk-File-1 = {YnBsaXN0MDDSAQIDBFxyZWxhdGl2ZVBhdGhZYWxpYXNEYXRhXxBKLi4vLi4vLi4vLi4vLi4vQXJ0aWNsZXNfVGFsa3MvRmluYWxWZXJzaW9ucy8xOTk4dG8xOTk5L0dlbkRpc2NNYXRoQ29tcC5wZGZPEQGsAAAAAAGsAAIAAAxNYWNpbnRvc2ggSEQAAAAAAAAAAAAAAAAAAAAAAAAAQkQAAf////8TR2VuRGlzY01hdGhDb21wLnBkZgAAAAAAAAAAAAAAAAAAAAAAAAAAAAAAAAAAAAAAAAAAAAAAAAAAAAAAAAAA/////wAAAAAAAAAAAAAAAAAFAAQAAAogY3UAAAAAAAAAAAAAAAAACjE5OTh0bzE5OTkAAgBTLzpVc2VyczpmcmVkamhpY2tlcm5lbGw6QXJ0aWNsZXNfVGFsa3M6RmluYWxWZXJzaW9uczoxOTk4dG8xOTk5OkdlbkRpc2NNYXRoQ29tcC5wZGYAAA4AKAATAEcAZQBuAEQAaQBzAGMATQBhAHQAaABDAG8AbQBwAC4AcABkAGYADwAaAAwATQBhAGMAaQBuAHQAbwBzAGgAIABIAEQAEgBRVXNlcnMvZnJlZGpoaWNrZXJuZWxsL0FydGljbGVzX1RhbGtzL0ZpbmFsVmVyc2lvbnMvMTk5OHRvMTk5OS9HZW5EaXNjTWF0aENvbXAucGRmAAATAAEvAAAVAAIAFv//AAAACAANABoAJABxAAAAAAAAAgEAAAAAAAAABQAAAAAAAAAAAAAAAAAAAiE=},
	Bdsk-Url-1 = {http://dx.doi.org/10.1090/S0025-5718-98-00894-1}}

@incollection{Hic98b,
	Author = {F. J. \HickernellFJ},
	Crossref = {HelLar98},
	Mr = {2000b:65007},
	Pages = {109-166},
	Pubtype = chap,
	Title = {Lattice Rules: How Well Do They Measure Up?},
	Zm = {990.18504}}

@article{Hic99a,
	Author = {F. J. \HickernellFJ},
	Journal = StatProb,
	Mr = {1 706 366},
	Pages = {73-78},
	Pubtype = art,
	Title = {Goodness-of-Fit Statistics, Discrepancies and Robust Designs},
	Volume = 44,
	Year = 1999,
	Zm = {991.13614},
	Bdsk-File-1 = {YnBsaXN0MDDSAQIDBFxyZWxhdGl2ZVBhdGhZYWxpYXNEYXRhXxBQLi4vLi4vLi4vLi4vLi4vQXJ0aWNsZXNfVGFsa3MvRmluYWxWZXJzaW9ucy8xOTk4dG8xOTk5L0dvb2RGaXRTdGF0UHJvYkxldHQ5OS5wZGZPEQHEAAAAAAHEAAIAAAxNYWNpbnRvc2ggSEQAAAAAAAAAAAAAAAAAAAAAAAAAQkQAAf////8ZR29vZEZpdFN0YXRQcm9iTGV0dDk5LnBkZgAAAAAAAAAAAAAAAAAAAAAAAAAAAAAAAAAAAAAAAAAAAAAAAAAA/////wAAAAAAAAAAAAAAAAAFAAQAAAogY3UAAAAAAAAAAAAAAAAACjE5OTh0bzE5OTkAAgBZLzpVc2VyczpmcmVkamhpY2tlcm5lbGw6QXJ0aWNsZXNfVGFsa3M6RmluYWxWZXJzaW9uczoxOTk4dG8xOTk5Okdvb2RGaXRTdGF0UHJvYkxldHQ5OS5wZGYAAA4ANAAZAEcAbwBvAGQARgBpAHQAUwB0AGEAdABQAHIAbwBiAEwAZQB0AHQAOQA5AC4AcABkAGYADwAaAAwATQBhAGMAaQBuAHQAbwBzAGgAIABIAEQAEgBXVXNlcnMvZnJlZGpoaWNrZXJuZWxsL0FydGljbGVzX1RhbGtzL0ZpbmFsVmVyc2lvbnMvMTk5OHRvMTk5OS9Hb29kRml0U3RhdFByb2JMZXR0OTkucGRmAAATAAEvAAAVAAIAFv//AAAACAANABoAJAB3AAAAAAAAAgEAAAAAAAAABQAAAAAAAAAAAAAAAAAAAj8=}}

@inproceedings{Hic99b,
	Author = {F. J. \HickernellFJ},
	Crossref = {NieSpa99},
	Date-Modified = {2017-11-02 15:59:05 +0000},
	Mr = {2002e:65010},
	Pages = {16-55},
	Pubtype = chap,
	Title = {What Affects the Accuracy of Quasi-{M}onte {C}arlo Quadrature?},
	Zm = {941.65025}}

@inproceedings{Hic01a,
	Author = {F. J. \HickernellFJ},
	Crossref = {NieFanHic01},
	Mr = {1 958 860},
	Pages = {274-289},
	Pubtype = chap,
	Title = {Obtaining {$O(N^{-2+\epsilon})$} Convergence for Lattice Quadrature Rules},
	Zm = {1002.62059}}

@misc{Hic03a,
	Author = {F. J. \HickernellFJ},
	Note = {in preparation},
	Pubtype = prep,
	Title = {Dispersion, Optimization and Experimental Designs},
	Year = 2003}

@article{Hic03b,
	Author = {F. J. \HickernellFJ},
	Journal = JComp,
	Mr = {1 984 124},
	Pages = {420-427},
	Pubtype = chap,
	Title = {My Dream Quadrature Rule},
	Volume = {19},
	Year = 2003}

@incollection{Hic04a,
	Author = {F. J. \HickernellFJ},
	Crossref = {KotEtal04},
	Date-Modified = {2006-06-28 17:33:12 -0500},
	Pages = {3862--3867},
	Pubtype = chap,
	Title = {Koksma-{H}lawka Inequality},
	Volume = {6}}

@incollection{Hic05a,
	Author = {F. J. \HickernellFJ},
	Crossref = {fang65birth},
	Pages = {185-203},
	Pubtype = chap,
	Title = {Granularity and Balance in Experimental Design}}

@misc{Hic06a,
	Author = {F. J. \HickernellFJ},
	Note = {Third International Congress of Chinese Mathematicians, 2004, Hong Kong, in preparation for submission for publication},
	Pubtype = prep,
	Title = {Experimental Design, Coding Theory and Reproducing Kernel Hilbert Spaces},
	Year = 2005}

@article{HicHon97b,
	Author = {F. J. \HickernellFJ and Y. C. Hon},
	Journal = {Internat.\ J. Appl.\ Sci.\ Comput.},
	Mr = {1 606 988},
	Pages = {221-247},
	Pubtype = art,
	Title = {Radial Basis Function Approximation of the Surface Wind Field from Scattered Data},
	Volume = 4,
	Year = 1998}

@article{HicHon98b,
	Author = {F. J. \HickernellFJ and Y. C. Hon},
	Journal = {Appl.\ Math.\ Comput.},
	Mr = {2000c:41013},
	Pages = {1-24},
	Pubtype = art,
	Title = {Radial Basis Function Approximation as Smoothing Splines},
	Volume = {102},
	Year = 1999,
	Zm = {990.40074}}

@inproceedings{HicHon97a,
	Address = {Hong Kong},
	Author = {F. J. \HickernellFJ and H. S. Hong},
	Booktitle = {Proceedings of the Workshop on Scientific Computing},
	Editor = {G. H. Golub and S. H. Lui and F. T. Luk and R. J. Plemmons},
	Mr = {1 729 661},
	Pages = {209-215},
	Publisher = {Springer-Verlag, Singapore},
	Pubtype = chap,
	Title = {Computing Multivariate Normal Probabilities Using Rank-1 Lattice Sequences},
	Year = 1997,
	Zm = {922.65099}}

@article{HicHon98a,
	Author = {F. J. \HickernellFJ and H. S. Hong},
	Journal = MC,
	Mr = {99i:65021},
	Pages = {767-791},
	Pubtype = art,
	Title = {The Asymptotic Efficiency of Randomized Nets for Quadrature},
	Volume = 68,
	Year = 1999,
	Zm = {990.07842}}

@inproceedings{Hic00a,
	Author = {F. J. \HickernellFJ and H. S. Hong},
	Crossref = {ChaYau01},
	Date-Modified = {2012-08-03 04:10:38 +0000},
	Mr = {2003g:65006},
	Pages = {59--77},
	Pubtype = chap,
	Title = {Quasi-{M}onte {C}arlo Methods and Their Randomizations},
	Zm = {1007.65003}}

@article{HicEtal00,
	Author = {F. J. \HickernellFJ and H. S. Hong and P. L'{\'E}cuyer and C. Lemieux},
	Date-Modified = {2013-03-18 00:53:56 +0000},
	Doi = {10.1137/S1064827599356638},
	Journal = SISC,
	Mr = {2001h:65032},
	Pages = {1117-1138},
	Pubtype = art,
	Title = {Extensible Lattice Sequences for Quasi-{M}onte {C}arlo Quadrature},
	Volume = {22},
	Year = 2000,
	Zm = {974.65004},
	Bdsk-Url-1 = {http://dx.doi.org/10.1137/S1064827599356638}}

@article{HicEtal03,
	Author = {F. J. \HickernellFJ and C. Lemieux and A. B. Owen},
	Date-Modified = {2017-12-01 18:42:14 +0000},
	Doi = {10.1214/088342304000000468},
	Journal = {Statist.\ Sci.},
	Pages = {1-31},
	Pubtype = art,
	Title = {Control Variates for Quasi-{M}onte {C}arlo},
	Volume = {20},
	Year = 2005,
	Bdsk-Url-1 = {https://dx.doi.org/10.1214/088342304000000468}}

@article{HicLiu01a,
	Author = {F. J. \HickernellFJ and M. Q. Liu},
	Date-Modified = {2013-03-18 00:48:19 +0000},
	Doi = {10.1093/biomet/89.4.893},
	Journal = {Biometrika},
	Mr = {2003h:62116},
	Pages = {893-904},
	Pubtype = art,
	Title = {Uniform Designs Limit Aliasing},
	Volume = {89},
	Year = 2002,
	Bdsk-File-1 = {YnBsaXN0MDDSAQIDBFxyZWxhdGl2ZVBhdGhZYWxpYXNEYXRhXxBKLi4vLi4vLi4vLi4vLi4vQXJ0aWNsZXNfVGFsa3MvRmluYWxWZXJzaW9ucy8yMDAydG8yMDAzL1VuaWZEZXNMaW1BbGlhcy5wZGZPEQGsAAAAAAGsAAIAAAxNYWNpbnRvc2ggSEQAAAAAAAAAAAAAAAAAAAAAAAAAQkQAAf////8TVW5pZkRlc0xpbUFsaWFzLnBkZgAAAAAAAAAAAAAAAAAAAAAAAAAAAAAAAAAAAAAAAAAAAAAAAAAAAAAAAAAA/////wAAAAAAAAAAAAAAAAAFAAQAAAogY3UAAAAAAAAAAAAAAAAACjIwMDJ0bzIwMDMAAgBTLzpVc2VyczpmcmVkamhpY2tlcm5lbGw6QXJ0aWNsZXNfVGFsa3M6RmluYWxWZXJzaW9uczoyMDAydG8yMDAzOlVuaWZEZXNMaW1BbGlhcy5wZGYAAA4AKAATAFUAbgBpAGYARABlAHMATABpAG0AQQBsAGkAYQBzAC4AcABkAGYADwAaAAwATQBhAGMAaQBuAHQAbwBzAGgAIABIAEQAEgBRVXNlcnMvZnJlZGpoaWNrZXJuZWxsL0FydGljbGVzX1RhbGtzL0ZpbmFsVmVyc2lvbnMvMjAwMnRvMjAwMy9VbmlmRGVzTGltQWxpYXMucGRmAAATAAEvAAAVAAIAFv//AAAACAANABoAJABxAAAAAAAAAgEAAAAAAAAABQAAAAAAAAAAAAAAAAAAAiE=},
	Bdsk-Url-1 = {http://dx.doi.org/10.1093/biomet/89.4.893}}

@misc{HicLiu05a,
	Author = {F. J. \HickernellFJ and K. I. Liu and K. Feng},
	Note = {submitted for publication},
	Pubtype = sub,
	Title = {Digital Net Designs},
	Year = 2004}

@misc{ZenHicYue05a,
	Author = {X. Y. Zeng and R. X. Yue and F. J. \HickernellFJ},
	Date-Modified = {2008-09-16 15:21:56 -0500},
	Note = {in preparation},
	Pubtype = prep,
	Title = {A New Quadrature Using Integration Lattices},
	Year = 2007}

@article{HicLiuYam01a,
	Author = {F. J. \HickernellFJ and M. Q. Liu and Y. C. Yam},
	Journal = {J. Chinese Statistical Association},
	Language = {Chinese},
	Pages = {353-373},
	Pubtype = art,
	Title = {Discrepancy Measures of Uniformity},
	Volume = {38},
	Year = 2000}

@article{HicNie03a,
	Author = {F. J. \HickernellFJ and H. Niederreiter},
	Journal = JComp,
	Mr = {1 984 115},
	Pages = {286-300},
	Pubtype = art,
	Title = {The Existence of Good Extensible Rank-1 Lattices},
	Volume = {19},
	Year = 2003}

@article{HicPro84,
	Author = {F. Hickernell and W. Proskurowski},
	Journal = {SIAM News},
	Number = {5},
	Pages = {16},
	Pubtype = oth,
	Title = {Teaching Calculus with Computers at {USC}},
	Volume = {18},
	Year = 1984}

@article{HicPro85,
	Author = {F. Hickernell and W. Proskurowski},
	Journal = {Collegiate Microcomputer},
	Pages = {111-125},
	Pubtype = art,
	Title = {The Use of Microcomputers in the Teaching of Calculus},
	Volume = {3},
	Year = 1985}

@article{HicPro87,
	Author = {F. Hickernell and W. Proskurowski},
	Journal = {Comput.\ Math.\ Appl.},
	Pages = {3-24},
	Pubtype = art,
	Title = {Design of a Calculus Microcomputer Laboratory},
	Volume = {14},
	Year = 1987}

@article{HicSloWas03a,
	Author = {F. J. \HickernellFJ and I. H. Sloan and G. W. Wasilkowski},
	Date-Modified = {2014-08-27 00:44:07 +0000},
	Doi = {10.1090/S0025-5718-04-01624-2},
	Journal = MC,
	Pages = {1885-1901},
	Pubtype = art,
	Title = {On Tractability of Weighted Integration over Bounded and Unbounded Regions in {$\mathbb{R}^s$}},
	Volume = {73},
	Year = 2004,
	Bdsk-File-1 = {YnBsaXN0MDDSAQIDBFxyZWxhdGl2ZVBhdGhZYWxpYXNEYXRhXxBRLi4vLi4vLi4vLi4vLi4vQXJ0aWNsZXNfVGFsa3MvRmluYWxWZXJzaW9ucy8yMDA0dG8yMDA1L0ZyZWRHcmVnSWFuTWF0aENvbXAwNWEucGRmTxEBxgAAAAABxgACAAAMTWFjaW50b3NoIEhEAAAAAAAAAAAAAAAAAAAAAAAAAEJEAAH/////GkZyZWRHcmVnSWFuTWF0aENvbXAwNWEucGRmAAAAAAAAAAAAAAAAAAAAAAAAAAAAAAAAAAAAAAAAAAAAAAAAAP////8AAAAAAAAAAAAAAAAABQAEAAAKIGN1AAAAAAAAAAAAAAAAAAoyMDA0dG8yMDA1AAIAWi86VXNlcnM6ZnJlZGpoaWNrZXJuZWxsOkFydGljbGVzX1RhbGtzOkZpbmFsVmVyc2lvbnM6MjAwNHRvMjAwNTpGcmVkR3JlZ0lhbk1hdGhDb21wMDVhLnBkZgAOADYAGgBGAHIAZQBkAEcAcgBlAGcASQBhAG4ATQBhAHQAaABDAG8AbQBwADAANQBhAC4AcABkAGYADwAaAAwATQBhAGMAaQBuAHQAbwBzAGgAIABIAEQAEgBYVXNlcnMvZnJlZGpoaWNrZXJuZWxsL0FydGljbGVzX1RhbGtzL0ZpbmFsVmVyc2lvbnMvMjAwNHRvMjAwNS9GcmVkR3JlZ0lhbk1hdGhDb21wMDVhLnBkZgATAAEvAAAVAAIAFv//AAAACAANABoAJAB4AAAAAAAAAgEAAAAAAAAABQAAAAAAAAAAAAAAAAAAAkI=},
	Bdsk-File-2 = {YnBsaXN0MDDSAQIDBFxyZWxhdGl2ZVBhdGhZYWxpYXNEYXRhXxBeLi4vLi4vLi4vLi4vLi4vQXJ0aWNsZXNfVGFsa3MvRmluYWxWZXJzaW9ucy8yMDA0dG8yMDA1L1RyYWN0V3RkSW50SGlja1Nsb2FuV2FzTWF0aENvbXAyMDA0LnBkZk8RAfwAAAAAAfwAAgAADE1hY2ludG9zaCBIRAAAAAAAAAAAAAAAAAAAAAAAAABCRAAB/////x9UcmFjdFd0ZEludEhpY2tTbG8jRkZGRkZGRkYucGRmAAAAAAAAAAAAAAAAAAAAAAAAAAAAAAAAAAAAAAAAAAD/////AAAAAAAAAAAAAAAAAAUABAAACiBjdQAAAAAAAAAAAAAAAAAKMjAwNHRvMjAwNQACAGcvOlVzZXJzOmZyZWRqaGlja2VybmVsbDpBcnRpY2xlc19UYWxrczpGaW5hbFZlcnNpb25zOjIwMDR0bzIwMDU6VHJhY3RXdGRJbnRIaWNrU2xvYW5XYXNNYXRoQ29tcDIwMDQucGRmAAAOAFAAJwBUAHIAYQBjAHQAVwB0AGQASQBuAHQASABpAGMAawBTAGwAbwBhAG4AVwBhAHMATQBhAHQAaABDAG8AbQBwADIAMAAwADQALgBwAGQAZgAPABoADABNAGEAYwBpAG4AdABvAHMAaAAgAEgARAASAGVVc2Vycy9mcmVkamhpY2tlcm5lbGwvQXJ0aWNsZXNfVGFsa3MvRmluYWxWZXJzaW9ucy8yMDA0dG8yMDA1L1RyYWN0V3RkSW50SGlja1Nsb2FuV2FzTWF0aENvbXAyMDA0LnBkZgAAEwABLwAAFQACABb//wAAAAgADQAaACQAhQAAAAAAAAIBAAAAAAAAAAUAAAAAAAAAAAAAAAAAAAKF}}

@inproceedings{HicSloWas03b,
	Author = {F. J. \HickernellFJ and I. H. Sloan and G. W. Wasilkowski},
	Crossref = {Nie04},
	Pages = {51-71},
	Pubtype = chap,
	Title = {On Tractability of Weighted Integration for Certain {B}anach Spaces of Functions},
	Bdsk-File-1 = {YnBsaXN0MDDSAQIDBFxyZWxhdGl2ZVBhdGhZYWxpYXNEYXRhXxBHLi4vLi4vLi4vLi4vLi4vQXJ0aWNsZXNfVGFsa3MvRmluYWxWZXJzaW9ucy8yMDA0dG8yMDA1L0xwQ2FzZTAzMDEwOS5wZGZPEQGeAAAAAAGeAAIAAAxNYWNpbnRvc2ggSEQAAAAAAAAAAAAAAAAAAAAAAAAAQkQAAf////8QTHBDYXNlMDMwMTA5LnBkZgAAAAAAAAAAAAAAAAAAAAAAAAAAAAAAAAAAAAAAAAAAAAAAAAAAAAAAAAAAAAAA/////wAAAAAAAAAAAAAAAAAFAAQAAAogY3UAAAAAAAAAAAAAAAAACjIwMDR0bzIwMDUAAgBQLzpVc2VyczpmcmVkamhpY2tlcm5lbGw6QXJ0aWNsZXNfVGFsa3M6RmluYWxWZXJzaW9uczoyMDA0dG8yMDA1OkxwQ2FzZTAzMDEwOS5wZGYADgAiABAATABwAEMAYQBzAGUAMAAzADAAMQAwADkALgBwAGQAZgAPABoADABNAGEAYwBpAG4AdABvAHMAaAAgAEgARAASAE5Vc2Vycy9mcmVkamhpY2tlcm5lbGwvQXJ0aWNsZXNfVGFsa3MvRmluYWxWZXJzaW9ucy8yMDA0dG8yMDA1L0xwQ2FzZTAzMDEwOS5wZGYAEwABLwAAFQACABb//wAAAAgADQAaACQAbgAAAAAAAAIBAAAAAAAAAAUAAAAAAAAAAAAAAAAAAAIQ}}

@article{HicSloWas03c,
	Author = {F. J. \HickernellFJ and I. H. Sloan and G. W. Wasilkowski},
	Date-Modified = {2014-08-27 00:41:53 +0000},
	Doi = {10.1090/S0025-5718-04-01653-9},
	Journal = MC,
	Pages = {1903-1911},
	Pubtype = art,
	Title = {On Strong Tractability of Weighted Multivariate Integration},
	Volume = {73},
	Year = 2004,
	Bdsk-Url-1 = {http://dx.doi.org/10.1090/S0025-5718-04-01653-9}}

@article{HicSloWas03d,
	Author = {F. J. \HickernellFJ and I. H. Sloan and G. W. Wasilkowski},
	Journal = SINUM,
	Pages = {1003-1020},
	Pubtype = art,
	Title = {A Piece-Wise Constant Algorithm for Weighted {$L_1$} Approximation over Bounded or Unbounded Regions},
	Volume = {43},
	Year = 2005}

@inproceedings{HicSloWas03e,
	Author = {F. J. \HickernellFJ and I. H. Sloan and G. W. Wasilkowski},
	Crossref = {Nie04},
	Pages = {259-273},
	Pubtype = chap,
	Title = {The Strong Tractability of Multivariate Integration Using Lattice Rules},
	Bdsk-File-1 = {YnBsaXN0MDDSAQIDBFxyZWxhdGl2ZVBhdGhZYWxpYXNEYXRhXxBILi4vLi4vLi4vLi4vLi4vQXJ0aWNsZXNfVGFsa3MvRmluYWxWZXJzaW9ucy8yMDA0dG8yMDA1L01DUU1DYXJ0MDMwM2oucGRmTxEBpAAAAAABpAACAAAMTWFjaW50b3NoIEhEAAAAAAAAAAAAAAAAAAAAAAAAAEJEAAH/////EU1DUU1DYXJ0MDMwM2oucGRmAAAAAAAAAAAAAAAAAAAAAAAAAAAAAAAAAAAAAAAAAAAAAAAAAAAAAAAAAAAAAP////8AAAAAAAAAAAAAAAAABQAEAAAKIGN1AAAAAAAAAAAAAAAAAAoyMDA0dG8yMDA1AAIAUS86VXNlcnM6ZnJlZGpoaWNrZXJuZWxsOkFydGljbGVzX1RhbGtzOkZpbmFsVmVyc2lvbnM6MjAwNHRvMjAwNTpNQ1FNQ2FydDAzMDNqLnBkZgAADgAkABEATQBDAFEATQBDAGEAcgB0ADAAMwAwADMAagAuAHAAZABmAA8AGgAMAE0AYQBjAGkAbgB0AG8AcwBoACAASABEABIAT1VzZXJzL2ZyZWRqaGlja2VybmVsbC9BcnRpY2xlc19UYWxrcy9GaW5hbFZlcnNpb25zLzIwMDR0bzIwMDUvTUNRTUNhcnQwMzAzai5wZGYAABMAAS8AABUAAgAW//8AAAAIAA0AGgAkAG8AAAAAAAACAQAAAAAAAAAFAAAAAAAAAAAAAAAAAAACFw==}}

@article{HicWoz99,
	Author = {F. J. \HickernellFJ and H. Wo\'zniakowski},
	Date-Modified = {2013-03-18 01:12:43 +0000},
	Doi = {10.1023/A:1018948631251},
	Journal = {Adv.\ Comput.\ Math.},
	Mr = {2001d:65017},
	Pages = {25--58},
	Pubtype = art,
	Title = {Integration and Approximation in Arbitrary Dimensions},
	Volume = 12,
	Year = 2000,
	Zm = {939.41004},
	Bdsk-Url-1 = {http://dx.doi.org/10.1023/A:1018948631251}}

@article{HicWoz00a,
	Author = {F. J. \HickernellFJ and H. Wo\'zniakowski},
	Journal = JComp,
	Mr = {2002m:60013},
	Pages = {625-659},
	Pubtype = art,
	Title = {The Price of Pessimism for Multidimensional Quadrature},
	Volume = {17},
	Year = 2001,
	Zm = {1006.65022}}

@article{HicWoz00b,
	Author = {F. J. \HickernellFJ and H. Wo\'zniakowski},
	Date-Modified = {2017-12-01 18:36:50 +0000},
	Doi = {10.1006/jcom.2001.0592},
	Journal = JComp,
	Mr = {2003g:65028},
	Pages = {660-682},
	Pubtype = art,
	Title = {Tractability of Multivariate Integration for Periodic Functions},
	Volume = {17},
	Year = 2001,
	Zm = {1006.65023},
	Bdsk-Url-1 = {https://dx.doi.org/10.1006/jcom.2001.0592}}

@article{HicYor86,
	Author = {F. J. \HickernellFJ and Y. C. Yortsos},
	Journal = StAM,
	Mr = {87e:76073},
	Pages = {93-115},
	Pubtype = art,
	Title = {Linear Stability of Miscible Displacement Processes in Porous Media in the Absence of Dispersion},
	Volume = {74},
	Year = 1986,
	Zm = {603.76091}}

@article{HicYua98,
	Author = {F. J. \HickernellFJ and Y. X. Yuan},
	Journal = {Oper.\ Res.\ Trans.},
	Pages = {1-11},
	Pubtype = art,
	Title = {A simple multi-start algorithm for global optimization},
	Volume = {1},
	Year = 1997}

@article{HicYue00,
	Author = {F. J. \HickernellFJ and R. X. Yue},
	Date-Modified = {2017-12-01 18:39:33 +0000},
	Doi = {10.1137/S0036142999358019},
	Journal = SINUM,
	Mr = {2002c:65009},
	Pages = {1089-1112},
	Pubtype = art,
	Title = {The Mean Square Discrepancy of Scrambled $(t,s)$-Sequences},
	Volume = {38},
	Year = 2000,
	Zm = {pre1519717},
	Bdsk-Url-1 = {https://dx.doi.org/10.1137/S0036142999358019}}

@article{HicYueHic96,
	Author = {F. J. \HickernellFJ and R. X. Yue and F. S. Hickernell},
	Journal = {IEEE Trans.\ Ultrason., Ferroelectrics \& Frequency Control},
	Note = {prelim.\ ver.\ in Proc.\ 1996 IEEE Ultrason.\ Symp., 1996, pp.\ 141--147},
	Pages = {615-623},
	Pubtype = art,
	Title = {Statistical Modeling for the Optimal Deposition of Sputtered Piezoelectric Films},
	Volume = {44},
	Year = 1997}

@article{HonHic00a,
	Author = {H. S. Hong and F. J. \HickernellFJ},
	Date-Modified = {2013-03-15 19:48:32 +0000},
	Doi = {10.1145/779359.779360},
	Journal = ACMTOMS,
	Pages = {95--109},
	Pubtype = art,
	Title = {Algorithm 823: Implementing Scrambled Digital Nets},
	Volume = {29},
	Year = 2003,
	Bdsk-File-1 = {YnBsaXN0MDDSAQIDBFxyZWxhdGl2ZVBhdGhZYWxpYXNEYXRhXxBMLi4vLi4vLi4vLi4vLi4vQXJ0aWNsZXNfVGFsa3MvRmluYWxWZXJzaW9ucy8yMDAydG8yMDAzL0ltcFNjck5ldEhvbmdIaWNrLnBkZk8RAbQAAAAAAbQAAgAADE1hY2ludG9zaCBIRAAAAAAAAAAAAAAAAAAAAAAAAABCRAAB/////xVJbXBTY3JOZXRIb25nSGljay5wZGYAAAAAAAAAAAAAAAAAAAAAAAAAAAAAAAAAAAAAAAAAAAAAAAAAAAAAAAD/////AAAAAAAAAAAAAAAAAAUABAAACiBjdQAAAAAAAAAAAAAAAAAKMjAwMnRvMjAwMwACAFUvOlVzZXJzOmZyZWRqaGlja2VybmVsbDpBcnRpY2xlc19UYWxrczpGaW5hbFZlcnNpb25zOjIwMDJ0bzIwMDM6SW1wU2NyTmV0SG9uZ0hpY2sucGRmAAAOACwAFQBJAG0AcABTAGMAcgBOAGUAdABIAG8AbgBnAEgAaQBjAGsALgBwAGQAZgAPABoADABNAGEAYwBpAG4AdABvAHMAaAAgAEgARAASAFNVc2Vycy9mcmVkamhpY2tlcm5lbGwvQXJ0aWNsZXNfVGFsa3MvRmluYWxWZXJzaW9ucy8yMDAydG8yMDAzL0ltcFNjck5ldEhvbmdIaWNrLnBkZgAAEwABLwAAFQACABb//wAAAAgADQAaACQAcwAAAAAAAAIBAAAAAAAAAAUAAAAAAAAAAAAAAAAAAAIr},
	Bdsk-Url-1 = {http://dx.doi.org/10.1145/779359.779360}}

@misc{HonHic02a,
	Author = {H. S. Hong and F. J. \HickernellFJ},
	Howpublished = {Fourth International Conference on Monte Carlo and Quasi-Monte Carlo Methods, November 27 -- December 1, 2000, Hong Kong},
	Note = {in preparation to be submitted for publication},
	Pubtype = prep,
	Title = {$t$ Parameter Optimization For Imbedded Digital $(t,m,s)$-Nets By Using The Evolutionary Computation},
	Year = 2003}

@article{HonHicWei03,
	Author = {H. S. Hong and F. J. \HickernellFJ and G. Wei},
	Journal = {Math.\ Comput.\ Simulation},
	Mr = {1 988 381},
	Pages = {335-345},
	Pubtype = art,
	Title = {The Distribution of the Discrepancy of Scrambled Digital $(t,m,s)$-Nets},
	Volume = {62},
	Year = 2003,
	Zm = {pre01912339}}

@misc{HuaHic02a,
	Author = {F. L. Huang and F. J. \HickernellFJ},
	Howpublished = {Fourth International Conference on Monte Carlo and Quasi-Monte Carlo Methods, November 27 -- December 1, 2000, Hong Kong},
	Note = {in preparation to be submitted for publication},
	Pubtype = prep,
	Title = {Improved Quadrature Error Bounds Using Function Values},
	Year = 2003}

@misc{HuaHic04a,
	Author = {F. L. Huang and F. J. \HickernellFJ},
	Note = {submitted for publication},
	Pubtype = sub,
	Title = {The Relationship Between the $n$th Minimal Errors of Two Classes of Information for Approximation in Weighted {H}ilbert Spaces},
	Year = 2003}

@inproceedings{LiHic03a,
	Author = {D. Li and F. J. \HickernellFJ},
	Crossref = {CheShuTan03},
	Pages = {121-132},
	Pubtype = chap,
	Title = {Trigonometric Spectral Collocation Methods on Lattices}}

@misc{LiHic03b,
	Author = {X. Y. Zeng and J. T. Ma and D. Li and F. J. \HickernellFJ},
	Date-Modified = {2008-07-06 20:47:44 -0400},
	Note = {in preparation},
	Pubtype = prep,
	Title = {Chebyshev Spectral Methods on Lattices for High-Dimensional Partial Differential Equations},
	Year = 2008}

@article{LiaEtal99,
	Author = {J. J. Liang and K. T. Fang and F. J. \HickernellFJ and R. Li},
	Journal = MC,
	Mr = {2001f:62032},
	Pages = {337-355},
	Pubtype = art,
	Title = {Testing Multivariate Uniformity and Its Applications},
	Volume = 70,
	Year = 2001,
	Zm = {991.72287}}

@article{LiaFanHic05a,
	Author = {J. J. Liang and K. T. Fang and F. J. \HickernellFJ},
	Date-Modified = {2008-09-16 15:51:15 -0500},
	Doi = {10.1007/s10463-007-0121-9},
	Journal = {Ann.\ Inst.\ Statist.\ Math.},
	Pages = {679--696},
	Pubtype = art,
	Title = {Some Necessary Uniform Tests for Spherical Symmetry},
	Volume = {60},
	Year = 2008,
	Bdsk-Url-1 = {http://dx.doi.org/10.1007/s10463-007-0121-9}}

@inproceedings{LiuHic04a,
	Author = {K. I. Liu and F. J. \HickernellFJ},
	Booktitle = {Parallel and Distributed Processing and Applications},
	Editor = {J. Cao and L. T. Yang and M. Guo and F. Lau},
	Pages = {257-262},
	Publisher = {Springer-Verlag, Heidelberg},
	Pubtype = chap,
	Series = {Lecture Notes in Computer Science},
	Title = {A Scalable Low Discrepancy Point Generator for Parallel Computing},
	Volume = {3358},
	Year = 2004}

@inproceedings{LiuHic05a,
	Author = {K. I. Liu and F. J. \HickernellFJ},
	Crossref = {NieTal05},
	Date-Modified = {2006-03-22 10:49:39 -0600},
	Pages = {343-354},
	Pubtype = chap,
	Title = {Experimental designs using digital nets with small numbers of points}}

@misc{LiuHic06a,
	Author = {K. I. Liu and F. J. \HickernellFJ},
	Note = {submitted for publication},
	Pubtype = sub,
	Title = {Parallel Implementation of Scrambled Digital Point Sets},
	Year = 2005}

@article{LiuFanHic05a,
	Author = {M. Q. Liu and K. T. Fang and F. J. \HickernellFJ},
	Date-Modified = {2007-06-05 15:03:17 -0500},
	Journal = SS,
	Pages = {1285--1297},
	Pubtype = art,
	Title = {Connections Among Different Criteria for Asymmetrical Fractional Factorial Designs},
	Volume = {16},
	Year = 2006}

@article{LiuHic01a,
	Author = {M. Q. Liu and F. J. \HickernellFJ},
	Journal = SS,
	Mr = {2003h:62113},
	Pages = {931-939},
	Pubtype = art,
	Title = {${E(s^2)}$-Optimality and Minimum Discrepancy in 2-level Supersaturated Designs},
	Volume = {12},
	Year = 2002,
	Zm = {1002.62059}}

@article{LiuHic03a,
	Author = {M. Q. Liu and F. J. \HickernellFJ},
	Date-Modified = {2006-06-27 15:23:05 -0500},
	Journal = {Metrika},
	Pages = {317--327},
	Pubtype = art,
	Title = {The Relationship Between Discrepancies Defined on A Domain and on Its Subset},
	Volume = {63},
	Year = 2006}

@book{ProHic88,
	Address = {Philadelphia},
	Author = {W. Proskurowski and F. J. \HickernellFJ},
	Date-Modified = {2013-12-06 22:37:01 +0000},
	Publisher = {Saunders College Publishing},
	Pubtype = soft,
	Title = {Comp-U-Calc (software and user's manual/workbook)},
	Year = 1988}

@article{SteEtal77,
	Author = {W. E. Steinmetz and F. Hickernell and I. K. Mun and L. H. Scharpen},
	Journal = {J. Molec.\ Spectro.},
	Pages = {173-182},
	Pubtype = art,
	Title = {The Conformational Analysis of 1-haloalkanes by Low Resolution Microwave Spectroscopy},
	Volume = {68},
	Year = 1977}

@article{SteEtal78,
	Author = {W. E. Steinmetz and J. Hollenberg and F. Hickernell and C. E. Orr and L. H. Scharpen},
	Journal = {J. Phys.\ Chem.},
	Pages = {940-943},
	Pubtype = art,
	Title = {Conformational Analysis of Substituted Alkenes by Low Resolution Microwave Spectroscopy},
	Volume = {82},
	Year = 1978}

@article{SteEtal79,
	Author = {W. E. Steinmetz and J. E. Pollard and J. M. Blaney and B. K. Winker and I. K. Mun and F. J. \HickernellFJ and S. J. Hollenberg},
	Journal = {J. Phys.\ Chem.},
	Pages = {1540-1545},
	Pubtype = art,
	Title = {Conformational Analysis of Conjugated Polyenes by Nuclear Magnetic Resonance and Low Resolution Microwave Spectroscopy},
	Volume = {83},
	Year = 1979}

@article{WanHic00,
	Author = {X. Wang and F. J. \HickernellFJ},
	Journal = MCM,
	Mr = {2001i:65010},
	Pages = {887-899},
	Pubtype = art,
	Title = {Randomized {H}alton Sequences},
	Volume = 32,
	Year = 2000,
	Zm = {965.65005}}

@article{WanHic00b,
	Author = {F. J. \HickernellFJ and X. Wang},
	Date-Modified = {2017-12-01 19:16:45 +0000},
	Doi = {10.1090/S0025-5718-01-01377-1},
	Journal = MC,
	Mr = {2003i:65009},
	Pages = {1641-1661},
	Pubtype = art,
	Title = {The Error Bounds and Tractability of Quasi-{M}onte {C}arlo Algorithms in Infinite Dimension},
	Volume = 71,
	Year = 2002,
	Zm = {pre01802731},
	Bdsk-Url-1 = {https://dx.doi.org/10.1090/S0025-5718-01-01377-1}}

@misc{WanHicFan04a,
	Author = {X. Wang and F. J. \HickernellFJ and K. T. Fang},
	Note = {submitted for publication},
	Pubtype = sub,
	Title = {Improving Quasi-{M}onte {C}arlo Integration Via Variance Reduction Techniques},
	Year = 2003}

@inproceedings{WanHic02a,
	Author = {Y. Wang and F. J. \HickernellFJ},
	Crossref = {NieFanHic01},
	Mr = {1 958 852},
	Pages = {158-167},
	Pubtype = chap,
	Title = {An Historical Overview of Lattice Point Sets},
	Zm = {1012.11067}}

@article{WeiHic96,
	Author = {B. C. Wei and F. J. \HickernellFJ},
	Journal = SS,
	Mr = {97f:62114},
	Pages = {433-454},
	Pubtype = art,
	Title = {Regression Transformation Diagnostics for Explanatory Variables},
	Volume = {6},
	Year = 1996,
	Zm = {960.33138}}

@misc{WonHic03a,
	Author = {M. N. Wong and F. J. \HickernellFJ and K. I. Liu},
	Note = {submitted for publication},
	Pubtype = sub,
	Title = {Computing the Trace of a Function of a Sparse Matrix via {H}adamard-like Sampling},
	Year = 2004}

@article{YorHic89,
	Author = {Y. C. Yortsos and F. J. \HickernellFJ},
	Journal = {SIAM J. Appl.\ Math.},
	Mr = {91a:76085},
	Pages = {730-748},
	Pubtype = art,
	Title = {Linear Stability of Immiscible Displacement Processes in Porous Media},
	Volume = {49},
	Year = 1989,
	Zm = {669.76124}}

@article{YueHic97a,
	Author = {R. X. Yue and F. J. \HickernellFJ},
	Journal = SS,
	Mr = {2000k:62142},
	Pages = {1053-1069},
	Pubtype = art,
	Title = {Robust Designs for Fitting Linear Models with Misspecification},
	Volume = 9,
	Year = 1999,
	Zm = {940.62071}}

@article{YueHic97b,
	Author = {R. X. Yue and F. J. \HickernellFJ},
	Journal = {Metrika},
	Mr = {2003d:62108},
	Pages = {161-176},
	Pubtype = art,
	Title = {Robust Designs for Smoothing Spline {ANOVA} Models},
	Volume = 55,
	Year = 2002}

@article{YueHic00a,
	Author = {R. X. Yue and F. J. \HickernellFJ},
	Journal = JComp,
	Mr = {2002m:65005},
	Pages = {881-897},
	Pubtype = art,
	Title = {Integration and Approximation Based on Scramble Sampling in Arbitrary Dimensions},
	Volume = {17},
	Year = 2001,
	Zm = {0995.65005}}

@article{YueHic02a,
	Author = {R. X. Yue and F. J. \HickernellFJ},
	Journal = JComp,
	Mr = {2003g:11086},
	Pages = {135-151},
	Pubtype = art,
	Title = {The Discrepancy and Gain Coefficients of Scrambled Digital Nets},
	Volume = 18,
	Year = 2002,
	Zm = {pre01750220}}

@article{YueHic04a,
	Author = {R. X. Yue and F. J. \HickernellFJ},
	Date-Modified = {2009-01-19 16:44:40 -0600},
	Journal = MC,
	Pages = {1871-1893},
	Pubtype = art,
	Title = {Strong Tractability of Integration Using Scrambled {N}iederreiter Points},
	Volume = 74,
	Year = 2005}

@article{YueHic05a,
	Author = {R. X. Yue and F. J. \HickernellFJ},
	Date-Modified = {2017-12-01 19:01:11 +0000},
	Doi = {10.1137/040621776},
	Journal = SINUM,
	Pages = {2559--2583},
	Pubtype = art,
	Title = {Strong Tractability of Quasi-{M}onte {C}arlo Quadrature Using Nets for Certain {B}anach Spaces},
	Volume = {44},
	Year = 2006,
	Bdsk-Url-1 = {https://dx.doi.org/10.1137/040621776}}

@inproceedings{ZenEtal05a,
	Author = {X. Y. Zeng and K. T. Leung and F. J. \HickernellFJ},
	Crossref = {NieTal05},
	Date-Modified = {2006-03-22 10:48:06 -0600},
	Pages = {501-514},
	Pubtype = chap,
	Title = {Error analysis of splines for periodic problems using lattice designs}}

@article{ZhuHicAn97,
	Author = {L. X. Zhu and F. J. \HickernellFJ and H. Z. An},
	Journal = {Chinese J. Contemp.\ Math.},
	Mr = {98g:62128},
	Pages = {199-206},
	Pubtype = art,
	Title = {A goodness-of-fit test for linearity of a stochastic regression model},
	Volume = 18,
	Year = 1997,
	Zm = {970.42723}}

@proceedings{AndEtal94,
	Editor = {T. W. Anderson and K. T. Fang and I. Olkin},
	Mr = {98e:62010},
	Note = {F.\ J.\ Hickernell, (managing ed.)},
	Publisher = {Institute of Mathematical Statistics, Hayward, California},
	Pubtype = ed,
	Series = {Lecture Notes -- Monograph Series},
	Title = {Multivariate Analysis and Its Applications},
	Volume = {24},
	Year = 1994}

@book{HelLar98,
	Address = {New York},
	Booktitle = {Random and Quasi-Random Point Sets},
	Editor = {P. Hellekalek and G. Larcher},
	Publisher = {Springer-Verlag},
	Series = {Lecture Notes in Statistics},
	Title = {Random and Quasi-Random Point Sets},
	Volume = 138,
	Year = 1998}

@proceedings{HicWoz01a,
	Editor = {F. J. \HickernellFJ and H. Wo\'zniakowski},
	Month = {December},
	Mr = {1 881 659},
	Publisher = {Academic Press, Orlando, FL},
	Pubtype = ed,
	Series = JCOMP,
	Title = {Special Issue on the Complexity of Multivariate Problems},
	Volume = {17, no.\ 4},
	Year = 2001,
	Zm = {993.00035}}

@proceedings{NieShi95,
	Booktitle = {{M}onte {C}arlo and Quasi-{M}onte {C}arlo Methods in Scientific Computing},
	Editor = {H. Niederreiter and P. J.-S. Shiue},
	Publisher = {Springer-Verlag, New York},
	Series = {Lecture Notes in Statistics},
	Title = {{M}onte {C}arlo and Quasi-{M}onte {C}arlo Methods in Scientific Computing},
	Volume = {106},
	Year = 1995}

@proceedings{NieSpa99,
	Booktitle = {{M}onte {C}arlo and Quasi-{M}onte {C}arlo Methods 1998},
	Editor = {H. Niederreiter and J. Spanier},
	Publisher = {Springer-Verlag, Berlin},
	Title = {{M}onte {C}arlo and Quasi-{M}onte {C}arlo Methods 1998},
	Year = 2000}

@proceedings{NieFanHic01,
	Booktitle = {{M}onte {C}arlo and Quasi-{M}onte {C}arlo Methods 2000},
	Editor = {K. T. Fang and F. J. \HickernellFJ and H. Niederreiter},
	Mr = {2003i:65006},
	Publisher = {Springer-Verlag, Berlin},
	Pubtype = ed,
	Title = {{M}onte {C}arlo and Quasi-{M}onte {C}arlo Methods 2000},
	Year = 2002,
	Zm = {0980.00040}}

@proceedings{Nie04,
	Booktitle = {{M}onte {C}arlo and Quasi-{M}onte {C}arlo Methods 2002},
	Editor = {H. Niederreiter},
	Publisher = {Springer-Verlag, Berlin},
	Pubtype = ed,
	Title = {{M}onte {C}arlo and Quasi-{M}onte {C}arlo Methods 2002},
	Year = 2004}

@proceedings{NieTal05,
	Booktitle = {{M}onte {C}arlo and Quasi-{M}onte {C}arlo Methods 2004},
	Date-Added = {2007-04-04 18:02:04 -0500},
	Date-Modified = {2007-04-04 18:02:04 -0500},
	Editor = {H. Niederreiter and D. Talay},
	Publisher = {Springer-Verlag, Berlin},
	Pubtype = ed,
	Title = {{M}onte {C}arlo and Quasi-{M}onte {C}arlo Methods 2004},
	Year = 2006}

@proceedings{HeiKelNie08a,
	Booktitle = {{M}onte {C}arlo and Quasi-{M}onte {C}arlo Methods 2006},
	Date-Added = {2009-06-10 07:29:54 -0500},
	Date-Modified = {2009-06-10 07:29:54 -0500},
	Editor = {A. Keller and S. Heinrich and H. Niederreiter},
	Publisher = {Springer-Verlag, Berlin},
	Pubtype = ed,
	Title = {{M}onte {C}arlo and Quasi-{M}onte {C}arlo Methods 2006},
	Year = 2008}

@proceedings{GlyOwe18a,
	Booktitle = {{M}onte {C}arlo and Quasi-{M}onte {C}arlo Methods 2016},
	Date-Modified = {2018-11-17 14:27:05 -0600},
	Doi = {10.1007/978-3-319-91436-7},
	Editor = {P. Glynn and A. Owen},
	Publisher = {Springer-Verlag, Berlin},
	Pubtype = ed,
	Series = {Springer Proceedings in Mathematics and Statistics},
	Title = {{M}onte {C}arlo and Quasi-{M}onte {C}arlo Methods: {MCQMC}, {S}tanford, USA, {A}ugust 2016},
	Year = {2018+},
	Bdsk-Url-1 = {https://doi.org/10.1007/978-3-319-91436-7}}

@proceedings{LecOwe10a,
	Booktitle = {{M}onte {C}arlo and Quasi-{M}onte {C}arlo Methods 2008},
	Date-Added = {2017-08-05 04:45:33 +0000},
	Date-Modified = {2017-10-03 23:32:04 +0000},
	Editor = {P. L'Ecuyer and A. Owen},
	Publisher = {Springer-Verlag, Berlin},
	Pubtype = ed,
	Title = {{M}onte {C}arlo and Quasi-{M}onte {C}arlo Methods 2008},
	Year = 2010}

@proceedings{PlaWoz12a,
	Booktitle = {{M}onte {C}arlo and Quasi-{M}onte {C}arlo Methods 2010},
	Date-Added = {2012-11-02 04:54:17 +0000},
	Date-Modified = {2016-03-26 22:22:21 +0000},
	Editor = {L. Plaskota and H. Wo\'{z}niakowski},
	Publisher = {Springer-Verlag, Berlin},
	Series = {Springer Proceedings in Mathematics and Statistics},
	Title = {{M}onte {C}arlo and Quasi-{M}onte {C}arlo Methods 2010},
	Volume = {23},
	Year = {2012}}

@proceedings{KuoEtal14a,
	Booktitle = {{M}onte {C}arlo and Quasi-{M}onte {C}arlo Methods 2012},
	Date-Added = {2015-09-14 19:28:29 +0000},
	Date-Modified = {2018-11-19 21:59:41 -0600},
	Doi = {10.1007/978-3-642-41095-6},
	Editor = {J. Dick and F. Y. Kuo and G. W. Peters and I. H. Sloan},
	Publisher = {Springer-Verlag, Berlin},
	Pubtype = ed,
	Series = {Springer Proceedings in Mathematics and Statistics},
	Title = {{M}onte {C}arlo and Quasi-{M}onte {C}arlo Methods 2012},
	Volume = {65},
	Year = {2013},
	Bdsk-Url-1 = {https://doi.org/10.1007/978-3-642-41095-6}}

@proceedings{CooNuy16a,
	Booktitle = {{M}onte {C}arlo and Quasi-{M}onte {C}arlo Methods: {MCQMC}, {L}euven, {B}elgium, {A}pril 2014},
	Date-Added = {2011-08-10 03:05:41 +0000},
	Date-Modified = {2016-08-13 15:08:35 +0000},
	Editor = {R. Cools and D. Nuyens},
	Publisher = {Springer-Verlag, Berlin},
	Pubtype = ed,
	Series = {Springer Proceedings in Mathematics and Statistics},
	Title = {{M}onte {C}arlo and Quasi-{M}onte {C}arlo Methods: {MCQMC}, {L}euven, {B}elgium, {A}pril 2014},
	Volume = {163},
	Year = {2016}}

@proceedings{ChaYau01,
	Booktitle = {Applied Probability},
	Editor = {R. Chan and Y.-K. Kwok and D. Yao and Q. Zhang},
	Publisher = {American Mathematical Society, Providence, Rhode Island},
	Series = {AMS/IP Studies in Advanced Mathematics},
	Title = {Applied Probability},
	Volume = 26,
	Year = 2002}

@proceedings{CheShuTan03,
	Booktitle = {Recent Advances in Scientific Computing and Partial Differential Equations},
	Editor = {S. Y. Cheng and C.-W. Shu and T. Tang},
	Publisher = {American Mathematical Society, Providence, Rhode Island},
	Series = {AMS Series in Contemporary Mathematics},
	Title = {Recent Advances in Scientific Computing and Partial Differential Equations},
	Volume = {330},
	Year = 2003}

@book{KotEtal04,
	Address = {Hoboken, NJ},
	Booktitle = {Encyclopedia of Statistical Sciences},
	Date-Modified = {2006-06-28 17:30:52 -0500},
	Edition = {Second},
	Editor = {S. Kotz and N. L. Johnson and C. B. Read and N. Balakrishnan and B. Vidakovic},
	Publisher = {John Wiley \& Sons},
	Title = {Encyclopedia of Statistical Sciences},
	Year = 2006}

@book{fang65birth,
	Address = {Singapore},
	Booktitle = {Contemporary Multivariate Analysis and Experimental Design},
	Editor = {J. Fan and G. Li},
	Publisher = {World Scientific},
	Series = {Series in Biostatistics},
	Title = {Contemporary Multivariate Analysis and Experimental Design},
	Volume = {2},
	Year = 2005}
